@book{0b112d0e5eba4b7f9768cfe1d818872e,
  title = "ABAQUS/Standard User's Manual, Version 6.9",
  author = "Michael Smith",
  year = "2009",
  language = "English",
  publisher = "Dassault Syst{\`e}mes Simulia Corp",
  address = "United States",
}

@article{kingma2014adam,
  title={Adam: A method for stochastic optimization},
  author={Kingma, Diederik P and Ba, Jimmy},
  journal={arXiv preprint arXiv:1412.6980},
  year={2014}
}

@article{lu2021deepxde,
  author  = {Lu, Lu and Meng, Xuhui and Mao, Zhiping and Karniadakis, George Em},
  title   = {{DeepXDE}: A deep learning library for solving differential equations},
  journal = {SIAM Review},
  volume  = {63},
  number  = {1},
  pages   = {208-228},
  year    = {2021},
  doi     = {10.1137/19M1274067}
}
@misc{tensorflow2015-whitepaper,
title={ {TensorFlow}: Large-Scale Machine Learning on Heterogeneous Systems},
url={https://www.tensorflow.org/},
note={Software available from tensorflow.org},
author={
    Mart\'{\i}n~Abadi and
    Ashish~Agarwal and
    Paul~Barham and
    Eugene~Brevdo and
    Zhifeng~Chen and
    Craig~Citro and
    Greg~S.~Corrado and
    Andy~Davis and
    Jeffrey~Dean and
    Matthieu~Devin and
    Sanjay~Ghemawat and
    Ian~Goodfellow and
    Andrew~Harp and
    Geoffrey~Irving and
    Michael~Isard and
    Yangqing Jia and
    Rafal~Jozefowicz and
    Lukasz~Kaiser and
    Manjunath~Kudlur and
    Josh~Levenberg and
    Dandelion~Man\'{e} and
    Rajat~Monga and
    Sherry~Moore and
    Derek~Murray and
    Chris~Olah and
    Mike~Schuster and
    Jonathon~Shlens and
    Benoit~Steiner and
    Ilya~Sutskever and
    Kunal~Talwar and
    Paul~Tucker and
    Vincent~Vanhoucke and
    Vijay~Vasudevan and
    Fernanda~Vi\'{e}gas and
    Oriol~Vinyals and
    Pete~Warden and
    Martin~Wattenberg and
    Martin~Wicke and
    Yuan~Yu and
    Xiaoqiang~Zheng},
  year={2015},
}
@article{KoldaB09,
  author    = {Tamara G. Kolda and
               Brett W. Bader},
  title     = {Tensor Decompositions and Applications},
  journal   = {{SIAM} Review},
  volume    = {51},
  number    = {3},
  pages     = {455--500},
  year      = {2009},
  url       = {https://doi.org/10.1137/07070111X},
  doi       = {10.1137/07070111X},
  timestamp = {Thu, 08 Jun 2017 09:02:10 +0200},
  biburl    = {http://dblp.org/rec/bib/journals/siamrev/KoldaB09},
  bibsource = {dblp computer science bibliography, http://dblp.org}
}

@article{anima12,
  author    = {Anima Anandkumar and
               Rong Ge and
               Daniel J. Hsu and
               Sham M. Kakade and
               Matus Telgarsky},
  title     = {Tensor decompositions for learning latent variable models},
  journal   = {CoRR},
  volume    = {abs/1210.7559},
  year      = {2012},
  url       = {http://arxiv.org/abs/1210.7559},
  archivePrefix = {arXiv},
  eprint    = {1210.7559},
  timestamp = {Wed, 07 Jun 2017 14:43:04 +0200},
  biburl    = {http://dblp.org/rec/bib/journals/corr/abs-1210-7559},
  bibsource = {dblp computer science bibliography, http://dblp.org}
}

@article{Oseledets11,
  author    = {Ivan V. Oseledets},
  title     = {Tensor-Train Decomposition},
  journal   = {{SIAM} J. Scientific Computing},
  year      = {2011},
  url       = {https://doi.org/10.1137/090752286},
  doi       = {10.1137/090752286},
  timestamp = {Thu, 08 Jun 2017 09:07:47 +0200},
  biburl    = {http://dblp.org/rec/bib/journals/siamsc/Oseledets11},
  bibsource = {dblp computer science bibliography, http://dblp.org}
}

@article{Dmitry11,
author = {Savostyanov, Dmitry and Oseledets, Ivan},
year = {2011},
month = {09},
pages = {1-8},
title = {Fast adaptive interpolation of multi-dimensional arrays in tensor train format},
isbn = {978-1-61284-815-0},
booktitle = {2011 7th International Workshop on Multidimensional (nD) Systems, nDS 2011}
}

@article{GorodetskyKM16,
  author    = {Alex A. Gorodetsky and
               Sertac Karaman and
               Youssef M. Marzouk},
  title     = {High-Dimensional Stochastic Optimal Control using Continuous Tensor
               Decompositions},
  journal   = {CoRR},
  volume    = {abs/1611.04706},
  year      = {2016},
  url       = {http://arxiv.org/abs/1611.04706},
  archivePrefix = {arXiv},
  eprint    = {1611.04706},
  timestamp = {Wed, 07 Jun 2017 14:42:50 +0200},
  biburl    = {http://dblp.org/rec/bib/journals/corr/GorodetskyKM16},
  bibsource = {dblp computer science bibliography, http://dblp.org}
}

@article{GorodetskyKM15,
  author    = {Alex A. Gorodetsky and
               Sertac Karaman and
               Youssef M. Marzouk},
  title     = {Function-Train: A continuous analogue of the tensor-train decomposition},
  journal   = {CoRR},
  volume    = {abs/1510.09088v},
  year      = {2016},
  url       = {https://arxiv.org/abs/1510.09088v2},
  archivePrefix = {arXiv},
  eprint    = { 1510.09088v2},
  timestamp = {Wed, 07 Jun 2017 14:42:50 +0200},
}

@article{BigoniEM16,
  author    = {Daniele Bigoni and
               Allan Peter Engsig{-}Karup and
               Youssef M. Marzouk},
  title     = {Spectral Tensor-Train Decomposition},
  journal   = {{SIAM} J. Scientific Computing},
  volume    = {38},
  number    = {4},
  year      = {2016},
  url       = {https://doi.org/10.1137/15M1036919},
  doi       = {10.1137/15M1036919},
  timestamp = {Wed, 21 Feb 2018 17:34:44 +0100},
  biburl    = {http://dblp.org/rec/bib/journals/siamsc/BigoniEM16},
  bibsource = {dblp computer science bibliography, http://dblp.org}
}

@ARTICLE{Khoromskij14,
   author = {{Khoromskij}, B.~N.},
    title = "{Tensor Numerical Methods for High-dimensional PDEs: Basic Theory and Initial Applications}",
  journal = {ArXiv e-prints},
archivePrefix = "arXiv",
   eprint = {1408.4053},
 primaryClass = "math.NA",
 keywords = {Mathematics - Numerical Analysis, 65F30, 65F50, 65N35, 65F10},
     year = 2014,
    month = aug,
   adsurl = {http://adsabs.harvard.edu/abs/2014arXiv1408.4053K},
  adsnote = {Provided by the SAO/NASA Astrophysics Data System}
}

@article{Oseledets11B,
 author = {Oseledets, Ivan V. and Tyrtyshnikov, Eugene E.},
 title = {Algebraic Wavelet Transform via Quantics Tensor Train Decomposition},
 journal = {SIAM J. Sci. Comput.},
 issue_date = {May 2011},
 volume = {33},
 number = {3},
 month = jun,
 year = {2011},
 issn = {1064-8275},
 pages = {1315--1328},
 numpages = {14},
 url = {http://dx.doi.org/10.1137/100811647},
 doi = {10.1137/100811647},
 acmid = {2078995},
 publisher = {Society for Industrial and Applied Mathematics},
 address = {Philadelphia, PA, USA},
 keywords = {discrete wavelet transform, quantics tensor train format, tensor train format},
} 

@book{FEMbook,
  author    = {Susanne Brenner and Ridgway Scott}, 
  title     = {The Mathematical Theory of Finite Element Methods},
  publisher = {Springer-Verlag New York},
  year      = 2008,
  isbn      = {978-1-4419-2611-1}
}
@misc{ FEMwiki,
    author = "{Wikipedia contributors}",
    title = "Finite element method --- {Wikipedia}{,} The Free Encyclopedia",
    year = "2018",
    url = "https://en.wikipedia.org/w/index.php?title=Finite_element_method&oldid=848172535",
    note = "[Online; accessed 3-July-2018]"
  }
  
@article{tensorly, 
    author = {Jean Kossaifi and Yannis Panagakis and Anima Anandkumar and Maja Pantic}, 
    title = {TensorLy: Tensor Learning in Python}, 
    journal = {CoRR}, 
    volume = {abs/1610.09555},
    year = {2018}, 
} 

@ARTICLE{Gorodetsky18,
   author = {{Gorodetsky}, A.~A. and {Jakeman}, J.~D.},
    title = "{Gradient-based Optimization for Regression in the Functional Tensor-Train Format}",
  journal = {ArXiv e-prints},
archivePrefix = "arXiv",
   eprint = {1801.00885},
 primaryClass = "stat.CO",
 keywords = {Statistics - Computation, Mathematics - Optimization and Control, Statistics - Machine Learning},
     year = 2018,
    month = jan,
   adsurl = {http://adsabs.harvard.edu/abs/2018arXiv180100885G},
  adsnote = {Provided by the SAO/NASA Astrophysics Data System}
}

@article{Gerstner,
    author = {T. Gerstner and M. Griebel.}, 
    title = {Sparse Grids}, 
    journal = {Encyclopedia of Quantitative Finance}, 
    publisher = {Wiley},
    url = {http://wissrech.ins.uni-bonn.de/research/pub/gerstner/sparsegrids.pdf},
    year = {2008}, 
} 

@article{khoromskij11,
  title={O (dlog n)-Quantics approximation of N-d tensors in high-dimensional numerical modeling},
  author={Khoromskij, Boris N},
  journal={Constructive Approximation},
  volume={34},
  number={2},
  pages={257--280},
  year={2011},
  publisher={Springer}
}

@article{khoromskij12,
  title={Tensors-structured numerical methods in scientific computing: Survey on recent advances},
  author={Khoromskij, Boris N},
  journal={Chemometrics and Intelligent Laboratory Systems},
  volume={110},
  number={1},
  pages={1--19},
  year={2012},
  publisher={Elsevier}
}

@article{kazeev18,
  title={Quantized tensor-structured finite elements for second-order elliptic PDEs in two dimensions},
  author={Kazeev, Vladimir and Schwab, Christoph},
  journal={Numerische Mathematik},
  volume={138},
  number={1},
  pages={133--190},
  year={2018},
  publisher={Springer}
}

@article{kazeev17,
  title={QTT-finite-element approximation for multiscale problems I: model problems in one dimension},
  author={Kazeev, Vladimir and Oseledets, Ivan and Rakhuba, Maxim and Schwab, Christoph},
  journal={Advances in Computational Mathematics},
  volume={43},
  number={2},
  pages={411--442},
  year={2017},
  publisher={Springer}
}

@ARTICLE{Chertkov16,
   author = {{Chertkov}, A.~V. and {Oseledets}, I.~V. and {Rakhuba}, M.~V.
	},
    title = "{Robust discretization in quantized tensor train format for elliptic problems in two dimensions}",
  journal = {ArXiv e-prints},
archivePrefix = "arXiv",
   eprint = {1612.01166},
 primaryClass = "math.NA",
 keywords = {Mathematics - Numerical Analysis},
     year = 2016,
    month = dec,
   adsurl = {http://adsabs.harvard.edu/abs/2016arXiv161201166C},
  adsnote = {Provided by the SAO/NASA Astrophysics Data System}
}


@article{fem.vs.fdm,
  title={what's difference between fem fdm and fvm},
  author={Bjorn Sjodin},
  year={2016},
  url = {http://www.machinedesign.com/fea-and-simulation/what-s-difference-between-fem-fdm-and-fvm}
}

@misc{ wiki:explicit.implicit,
    author = "{Wikipedia contributors}",
    title = "Explicit and implicit methods --- {Wikipedia}{,} The Free Encyclopedia",
    year = "2018",
    url = "https://en.wikipedia.org/w/index.php?title=Explicit_and_implicit_methods&oldid=842899833",
    note = "[Online; accessed 17-July-2018]"
  }
  
@article{time,
  title={Time-dependent problems},
  author={Hans Petter Langtangen},
  url = {http://hplgit.github.io/INF5620/doc/pub/sphinx-fem/._main_fem019.html}
}

@ARTICLE{Zhao16,
   author = {{Zhao}, Q. and {Zhou}, G. and {Xie}, S. and {Zhang}, L. and 
	{Cichocki}, A.},
    title = "{Tensor Ring Decomposition}",
  journal = {ArXiv e-prints},
archivePrefix = "arXiv",
   eprint = {1606.05535},
 primaryClass = "cs.NA",
 keywords = {Computer Science - Numerical Analysis, Computer Science - Computer Vision and Pattern Recognition, Computer Science - Data Structures and Algorithms},
     year = 2016,
    month = jun,
   adsurl = {http://adsabs.harvard.edu/abs/2016arXiv160605535Z},
  adsnote = {Provided by the SAO/NASA Astrophysics Data System}
}

@article{oseledets10,
  title={Approximation of 2\^{}d$\backslash$times2\^{}d matrices using tensor decomposition},
  author={Oseledets, Ivan V},
  journal={SIAM Journal on Matrix Analysis and Applications},
  volume={31},
  number={4},
  pages={2130--2145},
  year={2010},
  publisher={SIAM}
}


@inproceedings{Bigoni16b,
  title={Ordering Heuristics for Minimal Rank Approximations in Tensor-Train Format},
  author={D. Bigoni and Y.M. Marzouk},
  journal={SIAM Conference on Uncertainty Qualification},
  year={2016},
  publisher={SIAM},
  url = {http://www.limitcycle.it/dabi/data/pub/2016/SIAM\%20UQ/talk.pdf}
}

@article{bachmayr16,
  title={Tensor networks and hierarchical tensors for the solution of high-dimensional partial differential equations},
  author={Bachmayr, Markus and Schneider, Reinhold and Uschmajew, Andr{\'e}},
  journal={Foundations of Computational Mathematics},
  volume={16},
  number={6},
  year={2016},
  publisher={Springer}
}

@article{oseledets2010tt,
  title={TT-cross approximation for multidimensional arrays},
  author={Oseledets, Ivan and Tyrtyshnikov, Eugene},
  journal={Linear Algebra and its Applications},
  volume={432},
  number={1},
  pages={70--88},
  year={2010},
  publisher={Elsevier}
}

@article{dolgov17,
  title={A hybrid Alternating Least Squares--TT Cross algorithm for parametric PDEs},
  author={Dolgov, Sergey and Scheichl, Robert},
  journal={arXiv preprint arXiv:1707.04562},
  year={2017}
}

@article{oseledets11dmrg,
  title={DMRG approach to fast linear algebra in the TT-format},
  author={Oseledets, Ivan},
  journal={Computational Methods in Applied Mathematics Comput. Methods Appl. Math.},
  volume={11},
  number={3},
  pages={382--393},
  year={2011},
  publisher={De Gruyter}
}

@inproceedings{gardner17bayes,
  title={Discovering and exploiting additive structure for Bayesian optimization},
  author={Gardner, Jacob and Guo, Chuan and Weinberger, Kilian and Garnett, Roman and Grosse, Roger},
  booktitle={Artificial Intelligence and Statistics},
  pages={1311--1319},
  year={2017}
}

@inproceedings{snelson06,
  title={Sparse Gaussian processes using pseudo-inputs},
  author={Snelson, Edward and Ghahramani, Zoubin},
  booktitle={Advances in neural information processing systems},
  pages={1257--1264},
  year={2006}
}

@inproceedings{wilson15,
  title={Kernel interpolation for scalable structured Gaussian processes (KISS-GP)},
  author={Wilson, Andrew and Nickisch, Hannes},
  booktitle={International Conference on Machine Learning},
  pages={1775--1784},
  year={2015}
}

@article{izmailov17,
  title={Scalable Gaussian Processes with Billions of Inducing Inputs via Tensor Train Decomposition},
  author={Izmailov, Pavel and Novikov, Alexander and Kropotov, Dmitry},
  journal={arXiv preprint arXiv:1710.07324},
  year={2017}
}

@phdthesis{saatcci12,
  title={Scalable inference for structured Gaussian process models},
  author={Saat{\c{c}}i, Yunus},
  year={2012},
  school={Citeseer}
}

@inproceedings{titsias09,
  title={Variational learning of inducing variables in sparse Gaussian processes},
  author={Titsias, Michalis},
  booktitle={Artificial Intelligence and Statistics},
  pages={567--574},
  year={2009}
}

@article{Alnaes15,
  title = {The FEniCS Project Version 1.5},
  author = {Martin S. Aln{\ae}s and Jan Blechta and Johan Hake and August Johansson and Benjamin Kehlet and Anders Logg and Chris Richardson and Johannes Ring and Marie E. Rognes and Garth N. Wells},
  year = {2015},
  journal = {Archive of Numerical Software},
  volume = {3},
  number = {100},
  doi = {10.11588/ans.2015.100.20553},
  page = {9-23},
}

@article{jiang18,
  title={Image Representation and Learning With Graph-Laplacian Tucker Tensor Decomposition},
  author={Jiang, Bo and Ding, Chris and Tang, Jin and Luo, Bin},
  journal={IEEE Transactions on Cybernetics},
  year={2018},
  publisher={IEEE}
}

@article{kazeev12,
  title={Low-rank explicit QTT representation of the Laplace operator and its inverse},
  author={Kazeev, Vladimir A and Khoromskij, Boris N},
  journal={SIAM Journal on Matrix Analysis and Applications},
  volume={33},
  number={3},
  pages={742--758},
  year={2012},
  publisher={SIAM}
}

@article{gavrilyuk05,
  title={Tensor-product approximation to elliptic and parabolic solution operators in higher dimensions},
  author={Gavrilyuk, IP and Hackbusch, W and Khoromskij, BN},
  journal={Computing},
  volume={74},
  pages={131--157},
  year={2005}
}

@article{holtz12,
  title={The alternating linear scheme for tensor optimization in the tensor train format},
  author={Holtz, Sebastian and Rohwedder, Thorsten and Schneider, Reinhold},
  journal={SIAM Journal on Scientific Computing},
  volume={34},
  number={2},
  pages={A683--A713},
  year={2012},
  publisher={SIAM}
}

@article{dolgov14,
  title={Alternating minimal energy methods for linear systems in higher dimensions},
  author={Dolgov, Sergey V and Savostyanov, Dmitry V},
  journal={SIAM Journal on Scientific Computing},
  volume={36},
  number={5},
  pages={A2248--A2271},
  year={2014},
  publisher={SIAM}
}

@article{cohen17,
  title={Analysis and design of convolutional networks via hierarchical tensor decompositions},
  author={Cohen, Nadav and Sharir, Or and Levine, Yoav and Tamari, Ronen and Yakira, David and Shashua, Amnon},
  journal={arXiv preprint arXiv:1705.02302},
  year={2017}
}

@inproceedings{cohen16,
  title={On the expressive power of deep learning: A tensor analysis},
  author={Cohen, Nadav and Sharir, Or and Shashua, Amnon},
  booktitle={Conference on Learning Theory},
  pages={698--728},
  year={2016}
}

@inproceedings{cohen16icml,
  title={Convolutional rectifier networks as generalized tensor decompositions},
  author={Cohen, Nadav and Shashua, Amnon},
  booktitle={International Conference on Machine Learning},
  pages={955--963},
  year={2016}
}

@article{VGG,
  title={Very deep convolutional networks for large-scale image recognition},
  author={Simonyan, Karen and Zisserman, Andrew},
  journal={arXiv preprint arXiv:1409.1556},
  year={2014}
}

@article{eisert13,
  title={Entanglement and tensor network states},
  author={Eisert, Jens},
  journal={arXiv preprint arXiv:1308.3318},
  year={2013}
}

@article{vidal08,
  title={Class of quantum many-body states that can be efficiently simulated},
  author={Vidal, Guifr{\'e}},
  journal={Physical review letters},
  volume={101},
  number={11},
  pages={110501},
  year={2008},
  publisher={APS}
}

@article{hallam17,
  title={Compact neural networks based on the multiscale entanglement renormalization ansatz},
  author={Hallam, Andrew and Grant, Edward and Stojevic, Vid and Severini, Simone and Green, Andrew G},
  journal={arXiv preprint arXiv:1711.03357},
  year={2017}
}

@article{bridgeman17,
  title={Hand-waving and interpretive dance: an introductory course on tensor networks},
  author={Bridgeman, Jacob C and Chubb, Christopher T},
  journal={Journal of Physics A: Mathematical and Theoretical},
  volume={50},
  number={22},
  pages={223001},
  year={2017},
  publisher={IOP Publishing}
}

@article{evenbly15,
  title={Tensor network renormalization},
  author={Evenbly, Glen and Vidal, Guifre},
  journal={Physical review letters},
  volume={115},
  number={18},
  pages={180405},
  year={2015},
  publisher={APS}
}

@article{singh15,
  title={Content-based image retrieval using deep learning},
  author={Singh, Anshuman Vikram},
  year={2015}
}

@article{Dockhorn19,
  author    = {Tim Dockhorn},
  title     = {A Discussion on Solving Partial Differential Equations using Neural
               Networks},
  journal   = {CoRR},
  volume    = {abs/1904.07200},
  year      = {2019},
  url       = {http://arxiv.org/abs/1904.07200},
  archivePrefix = {arXiv},
  eprint    = {1904.07200},
  timestamp = {Thu, 25 Apr 2019 13:55:01 +0200},
  biburl    = {https://dblp.org/rec/bib/journals/corr/abs-1904-07200},
  bibsource = {dblp computer science bibliography, https://dblp.org}
}

@article{lagaris1998artificial,
  title={Artificial neural networks for solving ordinary and partial differential equations},
  author={Lagaris, Isaac E and Likas, Aristidis and Fotiadis, Dimitrios I},
  journal={IEEE transactions on neural networks},
  volume={9},
  number={5},
  pages={987--1000},
  year={1998},
  publisher={IEEE}
}

@inproceedings{
hsieh2018learning,
title={Learning Neural {PDE} Solvers with Convergence Guarantees},
author={Jun-Ting Hsieh and Shengjia Zhao and Stephan Eismann and Lucia Mirabella and Stefano Ermon},
booktitle={International Conference on Learning Representations},
year={2019},
url={https://openreview.net/forum?id=rklaWn0qK7},
}

@article{parish2016paradigm,
  title={A paradigm for data-driven predictive modeling using field inversion and machine learning},
  author={Parish, Eric J and Duraisamy, Karthik},
  journal={Journal of Computational Physics},
  volume={305},
  pages={758--774},
  year={2016},
  publisher={Elsevier}
}







@InProceedings{pmlr-v97-alet19a,
  title = 	 {Graph Element Networks: adaptive, structured computation and memory},
  author = 	 {Alet, Ferran and Jeewajee, Adarsh Keshav and Villalonga, Maria Bauza and Rodriguez, Alberto and Lozano-Perez, Tomas and Kaelbling, Leslie},
  booktitle = 	 {36th International Conference on Machine Learning},
  year = 	 {2019},
  publisher = 	 {PMLR},
  pdf = 	 {http://proceedings.mlr.press/v97/alet19a/alet19a.pdf},
  url = 	 {http://proceedings.mlr.press/v97/alet19a.html},
}

@article{battaglia2018relational,
  title={Relational inductive biases, deep learning, and graph networks},
  author={Battaglia, Peter W and Hamrick, Jessica B and Bapst, Victor and Sanchez-Gonzalez, Alvaro and Zambaldi, Vinicius and Malinowski, Mateusz and Tacchetti, Andrea and Raposo, David and Santoro, Adam and Faulkner, Ryan and others},
  journal={arXiv preprint arXiv:1806.01261},
  year={2018}
}

@inproceedings{wang2018non,
  title={Non-local neural networks},
  author={Wang, Xiaolong and Girshick, Ross and Gupta, Abhinav and He, Kaiming},
  booktitle={Proceedings of the IEEE Conference on Computer Vision and Pattern Recognition},
  pages={7794--7803},
  year={2018}
}

@article{li2015gated,
  title={Gated graph sequence neural networks},
  author={Li, Yujia and Tarlow, Daniel and Brockschmidt, Marc and Zemel, Richard},
  journal={arXiv preprint arXiv:1511.05493},
  year={2015}
}

@inproceedings{defferrard2016convolutional,
  title={Convolutional neural networks on graphs with fast localized spectral filtering},
  author={Defferrard, Micha{\"e}l and Bresson, Xavier and Vandergheynst, Pierre},
  booktitle={Advances in neural information processing systems},
  pages={3844--3852},
  year={2016}
}

@inproceedings{chen2018neural,
  title={Neural ordinary differential equations},
  author={Chen, Tian Qi and Rubanova, Yulia and Bettencourt, Jesse and Duvenaud, David K},
  booktitle={Advances in neural information processing systems},
  pages={6571--6583},
  year={2018}
}

@article{fan2018multiscale,
  title={A multiscale neural network based on hierarchical matrices},
  author={Fan, Yuwei and Lin, Lin and Ying, Lexing and Zepeda-N{\'u}nez, Leonardo},
  journal={arXiv preprint arXiv:1807.01883},
  year={2018}
}

@article{chen2019graph,
  title={Graph networks as a universal machine learning framework for molecules and crystals},
  author={Chen, Chi and Ye, Weike and Zuo, Yunxing and Zheng, Chen and Ong, Shyue Ping},
  journal={Chemistry of Materials},
  volume={31},
  number={9},
  pages={3564--3572},
  year={2019},
  publisher={ACS Publications}
}

@article{raissi2019physics,
  title={Physics-informed neural networks: A deep learning framework for solving forward and inverse problems involving nonlinear partial differential equations},
  author={Raissi, Maziar and Perdikaris, Paris and Karniadakis, George E},
  journal={Journal of Computational Physics},
  volume={378},
  pages={686--707},
  year={2019},
  publisher={Elsevier}
}

@article{wang2018dynamic,
  title={Dynamic graph cnn for learning on point clouds},
  author={Wang, Yue and Sun, Yongbin and Liu, Ziwei and Sarma, Sanjay E and Bronstein, Michael M and Solomon, Justin M},
  journal={arXiv preprint arXiv:1801.07829},
  year={2018}
}


@inproceedings{holland2019field,
  title={Field Inversion and Machine Learning With Embedded Neural Networks: Physics-Consistent Neural Network Training},
  author={Holland, Jonathan R and Baeder, James D and Duraisamy, Karthikeyan},
  booktitle={AIAA Aviation 2019 Forum},
  pages={3200},
  year={2019}
}

@inproceedings{guo2016convolutional,
  title={Convolutional neural networks for steady flow approximation},
  author={Guo, Xiaoxiao and Li, Wei and Iorio, Francesco},
  booktitle={Proceedings of the 22nd ACM SIGKDD International Conference on Knowledge Discovery and Data Mining},
  year={2016}
}

@article{bhatnagar2019prediction,
  title={Prediction of aerodynamic flow fields using convolutional neural networks},
  author={Bhatnagar, Saakaar and Afshar, Yaser and Pan, Shaowu and Duraisamy, Karthik and Kaushik, Shailendra},
  journal={Computational Mechanics},
  pages={1--21},
  year={2019},
  publisher={Springer}
}

@article{gao2019graph,
  title={Graph U-Nets},
  author={Gao, Hongyang and Ji, Shuiwang},
  journal={arXiv preprint arXiv:1905.05178},
  year={2019}
}

@article{kipf2016semi,
  title={Semi-supervised classification with graph convolutional networks},
  author={Kipf, Thomas N and Welling, Max},
  journal={arXiv preprint arXiv:1609.02907},
  year={2016}
}

@inproceedings{gilmer2017neural,
  title={Neural message passing for quantum chemistry},
  author={Gilmer, Justin and Schoenholz, Samuel S and Riley, Patrick F and Vinyals, Oriol and Dahl, George E},
  booktitle={Proceedings of the 34th International Conference on Machine Learning},
  year={2017},
}

@book{gurtin1982introduction,
  title={An introduction to continuum mechanics},
  author={Gurtin, Morton E},
  year={1982},
  publisher={Academic press}
}
@book{johnson2012numerical,
  title={Numerical solution of partial differential equations by the finite element method},
  author={Johnson, Claes},
  year={2012},
  publisher={Courier Corporation}
}
@article{nystrom1930praktische,
  title={{\"U}ber die praktische Aufl{\"o}sung von Integralgleichungen mit Anwendungen auf Randwertaufgaben},
  author={Nystr{\"o}m, Evert J},
  journal={Acta Mathematica},
  year={1930},
  publisher={Institut Mittag-Leffler}
}
@inproceedings{belongie2002spectral,
  title={Spectral partitioning with indefinite kernels using the Nystr{\"o}m extension},
  author={Belongie, Serge and Fowlkes, Charless and Chung, Fan and Malik, Jitendra},
  booktitle={European conference on computer vision},
  year={2002},
  organization={Springer}
}
@book{bear2012fundamentals,
  title={Fundamentals of transport phenomena in porous media},
  author={Bear, Jacob and Corapcioglu, M Yavuz},
  year={2012},
  publisher={Springer Science \& Business Media}
}
@book{antman2005problems,
  title={Problems In Nonlinear Elasticity},
  author={Antman, Stuart S},
  year={2005},
  publisher={Springer}
}
@book{Evans,
  title={Partial Differential Equations},
  author={Evans, Lawrence C},
  volume={19},
  year={2010},
  publisher={American Mathematical Soc.}
}
@book{gilbarg2015elliptic,
  title={Elliptic partial differential equations of second order},
  author={Gilbarg, David and Trudinger, Neil S},
  year={2015},
  publisher={springer}
}
@article{Aretha,
  title={How deep are deep Gaussian processes?},
  author={Dunlop, Matthew M and Girolami, Mark A and Stuart, Andrew M and Teckentrup, Aretha L},
  journal={The Journal of Machine Learning Research},
  volume={19},
  number={1},
  pages={2100--2145},
  year={2018},
  publisher={JMLR. org}
}
@book{Lord,
  title={An introduction to computational stochastic PDEs},
  author={Lord, Gabriel J and Powell, Catherine E and Shardlow, Tony},
  volume={50},
  year={2014},
  publisher={Cambridge University Press}
}

@inproceedings{Williams,
author = {Williams, Christopher K. I.},
title = {Computing with Infinite Networks},
year = {1996},
publisher = {MIT Press},
address = {Cambridge, MA, USA},
booktitle = {Proceedings of the 9th International Conference on Neural Information Processing Systems}
}

@book{Neal,
author = {Neal, Radford M.},
title = {Bayesian Learning for Neural Networks},
year = {1996},
isbn = {0387947248},
publisher = {Springer-Verlag}
}

@InProceedings{BengioLeRoux,
  title = 	 {Continuous Neural Networks},
  author = 	 {Nicolas Le Roux and Yoshua Bengio},
  booktitle = 	 {Proceedings of the Eleventh International Conference on Artificial Intelligence and Statistics},
  year = 	 {2007},
  editor = 	 {Marina Meila and Xiaotong Shen}
}

@article{GlobersonLivni,
  author    = {Amir Globerson and
               Roi Livni},
  title     = {Learning Infinite-Layer Networks: Beyond the Kernel Trick},
  journal   = {CoRR},
  volume    = {abs/1606.05316},
  year      = {2016},
  url       = {http://arxiv.org/abs/1606.05316},
  archivePrefix = {arXiv},
  eprint    = {1606.05316},
  timestamp = {Mon, 13 Aug 2018 16:46:01 +0200},
  biburl    = {https://dblp.org/rec/journals/corr/GlobersonL16.bib},
  bibsource = {dblp computer science bibliography, https://dblp.org}
}

@ARTICLE{Guss,
       author = {{Guss}, William H.},
        title = "{Deep Function Machines: Generalized Neural Networks for Topological Layer Expression}",
      journal = {arXiv e-prints},
     keywords = {Statistics - Machine Learning, Computer Science - Computer Vision and Pattern Recognition, Computer Science - Machine Learning},
         year = "2016",
        month = "Dec",
          eid = {arXiv:1612.04799},
        pages = {arXiv:1612.04799},
archivePrefix = {arXiv},
       eprint = {1612.04799},
 primaryClass = {stat.ML},
       adsurl = {https://ui.adsabs.harvard.edu/abs/2016arXiv161204799G},
      adsnote = {Provided by the SAO/NASA Astrophysics Data System}
}

@ARTICLE{MathewsGP,
       author = {{Matthews}, Alexander G. de G. and {Rowland}, Mark and {Hron}, Jiri and
         {Turner}, Richard E. and {Ghahramani}, Zoubin},
        title = "{Gaussian Process Behaviour in Wide Deep Neural Networks}",
     keywords = {Statistics - Machine Learning, Computer Science - Machine Learning},
         year = "2018",
        month = "Apr",
 primaryClass = {stat.ML},
      adsurl = {https://ui.adsabs.harvard.edu/abs/2018arXiv180411271M},
      adsnote = {Provided by the SAO/NASA Astrophysics Data System}
}

@ARTICLE{Garriga-AlonsoGP,
       author = {{Garriga-Alonso}, Adri{\`a} and {Rasmussen}, Carl Edward and
         {Aitchison}, Laurence},
        title = "{Deep Convolutional Networks as shallow Gaussian Processes}",
      journal = {arXiv e-prints},
     keywords = {Statistics - Machine Learning, Computer Science - Machine Learning},
         year = "2018",
        month = "Aug",
          eid = {arXiv:1808.05587},
        pages = {arXiv:1808.05587},
archivePrefix = {arXiv},
       eprint = {1808.05587},
 primaryClass = {stat.ML},
       adsurl = {https://ui.adsabs.harvard.edu/abs/2018arXiv180805587G},
      adsnote = {Provided by the SAO/NASA Astrophysics Data System}
}

@book{RasmussenGP,
author = {Rasmussen, Carl Edward and Williams, Christopher K. I.},
title = {Gaussian Processes for Machine Learning (Adaptive Computation and Machine Learning)},
year = {2005},
isbn = {026218253X},
publisher = {The MIT Press}
}

@article{Kovachki,
  title={Model reduction and neural networks for parametric PDE(s)},
  author={Bhattacharya, Kaushik and Hosseini, Bamdad and Kovachki, Nikola B and Stuart, Andrew M},
  journal={arXiv preprint arXiv:2005.03180},
  year={2020}
}

@article{kovachki2021universal,
  title={On universal approximation and error bounds for Fourier Neural Operators},
  author={Kovachki, Nikola and Lanthaler, Samuel and Mishra, Siddhartha},
  journal={Journal of Machine Learning Research},
  volume={22},
  pages={Art--No},
  year={2021},
  publisher={JMLR Press}
}

@inbook{DeVoreReducedBasis,
author = {Ronald A. DeVore},
title = {Chapter 3: The Theoretical Foundation of Reduced Basis Methods},
booktitle = {Model Reduction and Approximation},
year = {2014},
doi = {10.1137/1.9781611974829.ch3},
URL = {https://epubs.siam.org/doi/abs/10.1137/1.9781611974829.ch3},
eprint = {https://epubs.siam.org/doi/pdf/10.1137/1.9781611974829.ch3}
}

@book{Vapnik1998,
  added-at = {2009-11-30T17:48:31.000+0100},
  author = {Vapnik, Vladimir N.},
  biburl = {https://www.bibsonomy.org/bibtex/21a5aaa75fa8be088b01a7381d2f661be/fluctuator},
  interhash = {f211eacca8f6ce50e9c31c6bcc482809},
  intrahash = {1a5aaa75fa8be088b01a7381d2f661be},
  keywords = {imported},
  owner = {CHAENIG},
  publisher = {Wiley-Interscience},
  timestamp = {2009-11-30T17:48:32.000+0100},
  title = {Statistical Learning Theory},
  year = 1998
}

@article{Belkin,
author = {Rosasco, Lorenzo and Belkin, Mikhail and Vito, Ernesto De},
title = {On Learning with Integral Operators},
year = {2010},
issue_date = {March 2010},
publisher = {JMLR.org},
volume = {11},
issn = {1532-4435},
journal = {J. Mach. Learn. Res.},
month = mar,
pages = {905–934},
numpages = {30}
}

@article{murphy2018janossy,
  title={Janossy pooling: Learning deep permutation-invariant functions for variable-size inputs},
  author={Murphy, Ryan L and Srinivasan, Balasubramaniam and Rao, Vinayak and Ribeiro, Bruno},
  journal={arXiv preprint arXiv:1811.01900},
  year={2018}
}

@inproceedings{hamilton2017inductive,
  title={Inductive representation learning on large graphs},
  author={Hamilton, Will and Ying, Zhitao and Leskovec, Jure},
  booktitle={Advances in neural information processing systems},
  pages={1024--1034},
  year={2017}
}

@article{velivckovic2017graph,
  title={Graph attention networks},
  author={Veli{\v{c}}kovi{\'c}, Petar and Cucurull, Guillem and Casanova, Arantxa and Romero, Adriana and Lio, Pietro and Bengio, Yoshua},
  year={2017}
}

@article{herrmann2020deep,
  title={Deep ReLU Neural Network Expression Rates for Data-to-QoI Maps in Bayesian PDE Inversion},
  author={Herrmann, L and Schwab, Ch and Zech, J},
  year={2020}
}

@article{bar2019unsupervised,
  title={Unsupervised deep learning algorithm for PDE-based forward and inverse problems},
  author={Bar, Leah and Sochen, Nir},
  journal={arXiv preprint arXiv:1904.05417},
  year={2019}
}

@article{Zabaras,
title = "Bayesian deep convolutional encoder–decoder networks for surrogate modeling and uncertainty quantification",
journal = "Journal of Computational Physics",
year = "2018",
issn = "0021-9991",
doi = "https://doi.org/10.1016/j.jcp.2018.04.018",
url = "http://www.sciencedirect.com/science/article/pii/S0021999118302341",
author = "Yinhao Zhu and Nicholas Zabaras"
}

@article{Adler2017,
	doi = {10.1088/1361-6420/aa9581},
	url = {https://doi.org/10.1088%2F1361-6420%2Faa9581},
	year = 2017,
	month = {nov},
	publisher = {{IOP} Publishing},
	author = {Jonas Adler and Ozan Oktem},
	title = {Solving ill-posed inverse problems using iterative deep neural networks},
	journal = {Inverse Problems}
}


@article{Weinan,
title = "The Deep Ritz Method: A Deep Learning-Based Numerical Algorithm for Solving Variational Problems",
author = "Weinan E and Bing Yu",
year = "2018",
month = "3",
day = "1",
doi = "10.1007/s40304-018-0127-z",
language = "English (US)",
journal = "Communications in Mathematics and Statistics",
issn = "2194-6701",
publisher = "Springer Verlag"
}

@inproceedings{Fey/Lenssen/2019,
  title={Fast Graph Representation Learning with {PyTorch Geometric}},
  author={Fey, Matthias and Lenssen, Jan E.},
  booktitle={ICLR Workshop on Representation Learning},
  year={2019},
}

@article{cohendevore, title={Approximation of high-dimensional parametric PDEs},  DOI={10.1017/S0962492915000033}, 
journal={Acta Numerica}, publisher={Cambridge University Press}, author={Cohen, Albert and DeVore, Ronald}, year={2015}}
@article{gholami2016fft,
  title={FFT, FMM, or multigrid? A comparative study of state-of-the-art Poisson solvers for uniform and nonuniform grids in the unit cube},
  author={Gholami, Amir and Malhotra, Dhairya and Sundar, Hari and Biros, George},
  journal={SIAM Journal on Scientific Computing},
  year={2016},
  publisher={SIAM}
}
@inproceedings{damianou2013deep,
  title={Deep gaussian processes},
  author={Damianou, Andreas and Lawrence, Neil},
  booktitle={Artificial Intelligence and Statistics},
  pages={207--215},
  year={2013}
}

@inproceedings{ummenhofer2020lagrangian,
  title={Lagrangian fluid simulation with continuous convolutions},
  author={Ummenhofer, Benjamin and Prantl, Lukas and Th{\"u}rey, Nils and Koltun, Vladlen},
  booktitle={International Conference on Learning Representations},
  year={2020}
}

@article{fan2019multiscale,
  title={A multiscale neural network based on hierarchical matrices},
  author={Fan, Yuwei and Lin, Lin and Ying, Lexing and Zepeda-N{\'u}nez, Leonardo},
  journal={Multiscale Modeling \& Simulation},
  volume={17},
  number={4},
  pages={1189--1213},
  year={2019},
  publisher={SIAM}
}
@book{trefethen2000spectral,
  title={Spectral methods in MATLAB},
  author={Trefethen, Lloyd N},
  volume={10},
  year={2000},
  publisher={Siam}
}
@book{boyd2001chebyshev,
  title={Chebyshev and Fourier spectral methods},
  author={Boyd, John P},
  year={2001},
  publisher={Courier Corporation}
}
@article{nelsen2020random,
title={The Random Feature Model for Input-Output Maps between Banach Spaces},
  author={Nelsen, NH and Stuart, AM},
  journal={arXiv preprint arXiv:2005.10224},
  year={2020}
}
@article{weinan2017proposal,
  title={A proposal on machine learning via dynamical systems},
  author={Weinan, E},
  journal={Communications in Mathematics and Statistics},
  volume={5},
  number={1},
  pages={1--11},
  year={2017},
  publisher={Springer}
}
@article{haber2017stable,
  title={Stable architectures for deep neural networks},
  author={Haber, Eldad and Ruthotto, Lars},
  journal={Inverse Problems},
  volume={34},
  number={1},
  pages={014004},
  year={2017},
  publisher={IOP Publishing}
}
@article{khoo2017solving,
  title={Solving parametric {PDE} problems with artificial neural networks},
  author={Khoo, Yuehaw and Lu, Jianfeng and Ying, Lexing},
  journal={arXiv preprint arXiv:1707.03351},
  year={2017}
}

@article{KoldaB09,
  author    = {Tamara G. Kolda and
               Brett W. Bader},
  title     = {Tensor Decompositions and Applications},
  journal   = {{SIAM} Review},
  volume    = {51},
  number    = {3},
  pages     = {455--500},
  year      = {2009},
  url       = {https://doi.org/10.1137/07070111X},
  doi       = {10.1137/07070111X},
  timestamp = {Thu, 08 Jun 2017 09:02:10 +0200},
  biburl    = {http://dblp.org/rec/bib/journals/siamrev/KoldaB09},
  bibsource = {dblp computer science bibliography, http://dblp.org}
}

@article{anima12,
  author    = {Anima Anandkumar and
               Rong Ge and
               Daniel J. Hsu and
               Sham M. Kakade and
               Matus Telgarsky},
  title     = {Tensor decompositions for learning latent variable models},
  journal   = {CoRR},
  volume    = {abs/1210.7559},
  year      = {2012},
  url       = {http://arxiv.org/abs/1210.7559},
  archivePrefix = {arXiv},
  eprint    = {1210.7559},
  timestamp = {Wed, 07 Jun 2017 14:43:04 +0200},
  biburl    = {http://dblp.org/rec/bib/journals/corr/abs-1210-7559},
  bibsource = {dblp computer science bibliography, http://dblp.org}
}

@article{Oseledets11,
  author    = {Ivan V. Oseledets},
  title     = {Tensor-Train Decomposition},
  journal   = {{SIAM} J. Scientific Computing},
  year      = {2011},
  url       = {https://doi.org/10.1137/090752286},
  doi       = {10.1137/090752286},
  timestamp = {Thu, 08 Jun 2017 09:07:47 +0200},
  biburl    = {http://dblp.org/rec/bib/journals/siamsc/Oseledets11},
  bibsource = {dblp computer science bibliography, http://dblp.org}
}

@article{Dmitry11,
author = {Savostyanov, Dmitry and Oseledets, Ivan},
year = {2011},
month = {09},
pages = {1-8},
title = {Fast adaptive interpolation of multi-dimensional arrays in tensor train format},
isbn = {978-1-61284-815-0},
booktitle = {2011 7th International Workshop on Multidimensional (nD) Systems, nDS 2011}
}

@article{GorodetskyKM16,
  author    = {Alex A. Gorodetsky and
               Sertac Karaman and
               Youssef M. Marzouk},
  title     = {High-Dimensional Stochastic Optimal Control using Continuous Tensor
               Decompositions},
  journal   = {CoRR},
  volume    = {abs/1611.04706},
  year      = {2016},
  url       = {http://arxiv.org/abs/1611.04706},
  archivePrefix = {arXiv},
  eprint    = {1611.04706},
  timestamp = {Wed, 07 Jun 2017 14:42:50 +0200},
  biburl    = {http://dblp.org/rec/bib/journals/corr/GorodetskyKM16},
  bibsource = {dblp computer science bibliography, http://dblp.org}
}

@article{GorodetskyKM15,
  author    = {Alex A. Gorodetsky and
               Sertac Karaman and
               Youssef M. Marzouk},
  title     = {Function-Train: A continuous analogue of the tensor-train decomposition},
  journal   = {CoRR},
  volume    = {abs/1510.09088v},
  year      = {2016},
  url       = {https://arxiv.org/abs/1510.09088v2},
  archivePrefix = {arXiv},
  eprint    = { 1510.09088v2},
  timestamp = {Wed, 07 Jun 2017 14:42:50 +0200},
}

@article{BigoniEM16,
  author    = {Daniele Bigoni and
               Allan Peter Engsig{-}Karup and
               Youssef M. Marzouk},
  title     = {Spectral Tensor-Train Decomposition},
  journal   = {{SIAM} J. Scientific Computing},
  volume    = {38},
  number    = {4},
  year      = {2016},
  url       = {https://doi.org/10.1137/15M1036919},
  doi       = {10.1137/15M1036919},
  timestamp = {Wed, 21 Feb 2018 17:34:44 +0100},
  biburl    = {http://dblp.org/rec/bib/journals/siamsc/BigoniEM16},
  bibsource = {dblp computer science bibliography, http://dblp.org}
}

@ARTICLE{Khoromskij14,
   author = {{Khoromskij}, B.~N.},
    title = "{Tensor Numerical Methods for High-dimensional PDEs: Basic Theory and Initial Applications}",
  journal = {ArXiv e-prints},
archivePrefix = "arXiv",
   eprint = {1408.4053},
 primaryClass = "math.NA",
 keywords = {Mathematics - Numerical Analysis, 65F30, 65F50, 65N35, 65F10},
     year = 2014,
    month = aug,
   adsurl = {http://adsabs.harvard.edu/abs/2014arXiv1408.4053K},
  adsnote = {Provided by the SAO/NASA Astrophysics Data System}
}

@article{Oseledets11B,
 author = {Oseledets, Ivan V. and Tyrtyshnikov, Eugene E.},
 title = {Algebraic Wavelet Transform via Quantics Tensor Train Decomposition},
 journal = {SIAM J. Sci. Comput.},
 issue_date = {May 2011},
 volume = {33},
 number = {3},
 month = jun,
 year = {2011},
 issn = {1064-8275},
 pages = {1315--1328},
 numpages = {14},
 url = {http://dx.doi.org/10.1137/100811647},
 doi = {10.1137/100811647},
 acmid = {2078995},
 publisher = {Society for Industrial and Applied Mathematics},
 address = {Philadelphia, PA, USA},
 keywords = {discrete wavelet transform, quantics tensor train format, tensor train format},
} 

@book{FEMbook,
  author    = {Susanne Brenner and Ridgway Scott}, 
  title     = {The Mathematical Theory of Finite Element Methods},
  publisher = {Springer-Verlag New York},
  year      = 2008,
  isbn      = {978-1-4419-2611-1}
}
@misc{ FEMwiki,
    author = "{Wikipedia contributors}",
    title = "Finite element method --- {Wikipedia}{,} The Free Encyclopedia",
    year = "2018",
    url = "https://en.wikipedia.org/w/index.php?title=Finite_element_method&oldid=848172535",
    note = "[Online; accessed 3-July-2018]"
  }
  
@article{tensorly, 
    author = {Jean Kossaifi and Yannis Panagakis and Anima Anandkumar and Maja Pantic}, 
    title = {TensorLy: Tensor Learning in Python}, 
    journal = {CoRR}, 
    volume = {abs/1610.09555},
    year = {2018}, 
} 

@ARTICLE{Gorodetsky18,
   author = {{Gorodetsky}, A.~A. and {Jakeman}, J.~D.},
    title = "{Gradient-based Optimization for Regression in the Functional Tensor-Train Format}",
  journal = {ArXiv e-prints},
archivePrefix = "arXiv",
   eprint = {1801.00885},
 primaryClass = "stat.CO",
 keywords = {Statistics - Computation, Mathematics - Optimization and Control, Statistics - Machine Learning},
     year = 2018,
    month = jan,
   adsurl = {http://adsabs.harvard.edu/abs/2018arXiv180100885G},
  adsnote = {Provided by the SAO/NASA Astrophysics Data System}
}

@article{Gerstner,
    author = {T. Gerstner and M. Griebel.}, 
    title = {Sparse Grids}, 
    journal = {Encyclopedia of Quantitative Finance}, 
    publisher = {Wiley},
    url = {http://wissrech.ins.uni-bonn.de/research/pub/gerstner/sparsegrids.pdf},
    year = {2008}, 
} 

@article{khoromskij11,
  title={O (dlog n)-Quantics approximation of N-d tensors in high-dimensional numerical modeling},
  author={Khoromskij, Boris N},
  journal={Constructive Approximation},
  volume={34},
  number={2},
  pages={257--280},
  year={2011},
  publisher={Springer}
}

@article{khoromskij12,
  title={Tensors-structured numerical methods in scientific computing: Survey on recent advances},
  author={Khoromskij, Boris N},
  journal={Chemometrics and Intelligent Laboratory Systems},
  volume={110},
  number={1},
  pages={1--19},
  year={2012},
  publisher={Elsevier}
}

@article{kazeev18,
  title={Quantized tensor-structured finite elements for second-order elliptic PDEs in two dimensions},
  author={Kazeev, Vladimir and Schwab, Christoph},
  journal={Numerische Mathematik},
  volume={138},
  number={1},
  pages={133--190},
  year={2018},
  publisher={Springer}
}

@article{kazeev17,
  title={QTT-finite-element approximation for multiscale problems I: model problems in one dimension},
  author={Kazeev, Vladimir and Oseledets, Ivan and Rakhuba, Maxim and Schwab, Christoph},
  journal={Advances in Computational Mathematics},
  volume={43},
  number={2},
  pages={411--442},
  year={2017},
  publisher={Springer}
}

@ARTICLE{Chertkov16,
   author = {{Chertkov}, A.~V. and {Oseledets}, I.~V. and {Rakhuba}, M.~V.
	},
    title = "{Robust discretization in quantized tensor train format for elliptic problems in two dimensions}",
  journal = {ArXiv e-prints},
archivePrefix = "arXiv",
   eprint = {1612.01166},
 primaryClass = "math.NA",
 keywords = {Mathematics - Numerical Analysis},
     year = 2016,
    month = dec,
   adsurl = {http://adsabs.harvard.edu/abs/2016arXiv161201166C},
  adsnote = {Provided by the SAO/NASA Astrophysics Data System}
}


@article{fem.vs.fdm,
  title={what's difference between fem fdm and fvm},
  author={Bjorn Sjodin},
  year={2016},
  url = {http://www.machinedesign.com/fea-and-simulation/what-s-difference-between-fem-fdm-and-fvm}
}

@misc{ wiki:explicit.implicit,
    author = "{Wikipedia contributors}",
    title = "Explicit and implicit methods --- {Wikipedia}{,} The Free Encyclopedia",
    year = "2018",
    url = "https://en.wikipedia.org/w/index.php?title=Explicit_and_implicit_methods&oldid=842899833",
    note = "[Online; accessed 17-July-2018]"
  }
  
@article{time,
  title={Time-dependent problems},
  author={Hans Petter Langtangen},
  url = {http://hplgit.github.io/INF5620/doc/pub/sphinx-fem/._main_fem019.html}
}

@ARTICLE{Zhao16,
   author = {{Zhao}, Q. and {Zhou}, G. and {Xie}, S. and {Zhang}, L. and 
	{Cichocki}, A.},
    title = "{Tensor Ring Decomposition}",
  journal = {ArXiv e-prints},
archivePrefix = "arXiv",
   eprint = {1606.05535},
 primaryClass = "cs.NA",
 keywords = {Computer Science - Numerical Analysis, Computer Science - Computer Vision and Pattern Recognition, Computer Science - Data Structures and Algorithms},
     year = 2016,
    month = jun,
   adsurl = {http://adsabs.harvard.edu/abs/2016arXiv160605535Z},
  adsnote = {Provided by the SAO/NASA Astrophysics Data System}
}

@article{oseledets10,
  title={Approximation of 2\^{}d$\backslash$times2\^{}d matrices using tensor decomposition},
  author={Oseledets, Ivan V},
  journal={SIAM Journal on Matrix Analysis and Applications},
  volume={31},
  number={4},
  pages={2130--2145},
  year={2010},
  publisher={SIAM}
}


@inproceedings{Bigoni16b,
  title={Ordering Heuristics for Minimal Rank Approximations in Tensor-Train Format},
  author={D. Bigoni and Y.M. Marzouk},
  journal={SIAM Conference on Uncertainty Qualification},
  year={2016},
  publisher={SIAM},
  url = {http://www.limitcycle.it/dabi/data/pub/2016/SIAM\%20UQ/talk.pdf}
}

@article{bachmayr16,
  title={Tensor networks and hierarchical tensors for the solution of high-dimensional partial differential equations},
  author={Bachmayr, Markus and Schneider, Reinhold and Uschmajew, Andr{\'e}},
  journal={Foundations of Computational Mathematics},
  volume={16},
  number={6},
  year={2016},
  publisher={Springer}
}

@article{oseledets2010tt,
  title={TT-cross approximation for multidimensional arrays},
  author={Oseledets, Ivan and Tyrtyshnikov, Eugene},
  journal={Linear Algebra and its Applications},
  volume={432},
  number={1},
  pages={70--88},
  year={2010},
  publisher={Elsevier}
}

@article{dolgov17,
  title={A hybrid Alternating Least Squares--TT Cross algorithm for parametric PDEs},
  author={Dolgov, Sergey and Scheichl, Robert},
  journal={arXiv preprint arXiv:1707.04562},
  year={2017}
}

@article{oseledets11dmrg,
  title={DMRG approach to fast linear algebra in the TT-format},
  author={Oseledets, Ivan},
  journal={Computational Methods in Applied Mathematics Comput. Methods Appl. Math.},
  volume={11},
  number={3},
  pages={382--393},
  year={2011},
  publisher={De Gruyter}
}

@inproceedings{gardner17bayes,
  title={Discovering and exploiting additive structure for Bayesian optimization},
  author={Gardner, Jacob and Guo, Chuan and Weinberger, Kilian and Garnett, Roman and Grosse, Roger},
  booktitle={Artificial Intelligence and Statistics},
  pages={1311--1319},
  year={2017}
}

@inproceedings{snelson06,
  title={Sparse Gaussian processes using pseudo-inputs},
  author={Snelson, Edward and Ghahramani, Zoubin},
  booktitle={Advances in neural information processing systems},
  pages={1257--1264},
  year={2006}
}

@inproceedings{wilson15,
  title={Kernel interpolation for scalable structured Gaussian processes (KISS-GP)},
  author={Wilson, Andrew and Nickisch, Hannes},
  booktitle={International Conference on Machine Learning},
  pages={1775--1784},
  year={2015}
}

@article{izmailov17,
  title={Scalable Gaussian Processes with Billions of Inducing Inputs via Tensor Train Decomposition},
  author={Izmailov, Pavel and Novikov, Alexander and Kropotov, Dmitry},
  journal={arXiv preprint arXiv:1710.07324},
  year={2017}
}

@phdthesis{saatcci12,
  title={Scalable inference for structured Gaussian process models},
  author={Saat{\c{c}}i, Yunus},
  year={2012},
  school={Citeseer}
}

@inproceedings{titsias09,
  title={Variational learning of inducing variables in sparse Gaussian processes},
  author={Titsias, Michalis},
  booktitle={Artificial Intelligence and Statistics},
  pages={567--574},
  year={2009}
}

@article{Alnaes15,
  title = {The FEniCS Project Version 1.5},
  author = {Martin S. Aln{\ae}s and Jan Blechta and Johan Hake and August Johansson and Benjamin Kehlet and Anders Logg and Chris Richardson and Johannes Ring and Marie E. Rognes and Garth N. Wells},
  year = {2015},
  journal = {Archive of Numerical Software},
  volume = {3},
  number = {100},
  doi = {10.11588/ans.2015.100.20553},
  page = {9-23},
}

@article{jiang18,
  title={Image Representation and Learning With Graph-Laplacian Tucker Tensor Decomposition},
  author={Jiang, Bo and Ding, Chris and Tang, Jin and Luo, Bin},
  journal={IEEE Transactions on Cybernetics},
  year={2018},
  publisher={IEEE}
}

@article{kazeev12,
  title={Low-rank explicit QTT representation of the Laplace operator and its inverse},
  author={Kazeev, Vladimir A and Khoromskij, Boris N},
  journal={SIAM Journal on Matrix Analysis and Applications},
  volume={33},
  number={3},
  pages={742--758},
  year={2012},
  publisher={SIAM}
}

@article{gavrilyuk05,
  title={Tensor-product approximation to elliptic and parabolic solution operators in higher dimensions},
  author={Gavrilyuk, IP and Hackbusch, W and Khoromskij, BN},
  journal={Computing},
  volume={74},
  pages={131--157},
  year={2005}
}

@article{holtz12,
  title={The alternating linear scheme for tensor optimization in the tensor train format},
  author={Holtz, Sebastian and Rohwedder, Thorsten and Schneider, Reinhold},
  journal={SIAM Journal on Scientific Computing},
  volume={34},
  number={2},
  pages={A683--A713},
  year={2012},
  publisher={SIAM}
}

@article{dolgov14,
  title={Alternating minimal energy methods for linear systems in higher dimensions},
  author={Dolgov, Sergey V and Savostyanov, Dmitry V},
  journal={SIAM Journal on Scientific Computing},
  volume={36},
  number={5},
  pages={A2248--A2271},
  year={2014},
  publisher={SIAM}
}

@article{cohen17,
  title={Analysis and design of convolutional networks via hierarchical tensor decompositions},
  author={Cohen, Nadav and Sharir, Or and Levine, Yoav and Tamari, Ronen and Yakira, David and Shashua, Amnon},
  journal={arXiv preprint arXiv:1705.02302},
  year={2017}
}

@inproceedings{cohen16,
  title={On the expressive power of deep learning: A tensor analysis},
  author={Cohen, Nadav and Sharir, Or and Shashua, Amnon},
  booktitle={Conference on Learning Theory},
  pages={698--728},
  year={2016}
}

@inproceedings{cohen16icml,
  title={Convolutional rectifier networks as generalized tensor decompositions},
  author={Cohen, Nadav and Shashua, Amnon},
  booktitle={International Conference on Machine Learning},
  pages={955--963},
  year={2016}
}

@article{VGG,
  title={Very deep convolutional networks for large-scale image recognition},
  author={Simonyan, Karen and Zisserman, Andrew},
  journal={arXiv preprint arXiv:1409.1556},
  year={2014}
}

@article{eisert13,
  title={Entanglement and tensor network states},
  author={Eisert, Jens},
  journal={arXiv preprint arXiv:1308.3318},
  year={2013}
}

@article{vidal08,
  title={Class of quantum many-body states that can be efficiently simulated},
  author={Vidal, Guifr{\'e}},
  journal={Physical review letters},
  volume={101},
  number={11},
  pages={110501},
  year={2008},
  publisher={APS}
}

@article{hallam17,
  title={Compact neural networks based on the multiscale entanglement renormalization ansatz},
  author={Hallam, Andrew and Grant, Edward and Stojevic, Vid and Severini, Simone and Green, Andrew G},
  journal={arXiv preprint arXiv:1711.03357},
  year={2017}
}

@article{bridgeman17,
  title={Hand-waving and interpretive dance: an introductory course on tensor networks},
  author={Bridgeman, Jacob C and Chubb, Christopher T},
  journal={Journal of Physics A: Mathematical and Theoretical},
  volume={50},
  number={22},
  pages={223001},
  year={2017},
  publisher={IOP Publishing}
}

@article{evenbly15,
  title={Tensor network renormalization},
  author={Evenbly, Glen and Vidal, Guifre},
  journal={Physical review letters},
  volume={115},
  number={18},
  pages={180405},
  year={2015},
  publisher={APS}
}

@article{singh15,
  title={Content-based image retrieval using deep learning},
  author={Singh, Anshuman Vikram},
  year={2015}
}

@article{Dockhorn19,
  author    = {Tim Dockhorn},
  title     = {A Discussion on Solving Partial Differential Equations using Neural
               Networks},
  journal   = {CoRR},
  volume    = {abs/1904.07200},
  year      = {2019},
  url       = {http://arxiv.org/abs/1904.07200},
  archivePrefix = {arXiv},
  eprint    = {1904.07200},
  timestamp = {Thu, 25 Apr 2019 13:55:01 +0200},
  biburl    = {https://dblp.org/rec/bib/journals/corr/abs-1904-07200},
  bibsource = {dblp computer science bibliography, https://dblp.org}
}

@article{lagaris1998artificial,
  title={Artificial neural networks for solving ordinary and partial differential equations},
  author={Lagaris, Isaac E and Likas, Aristidis and Fotiadis, Dimitrios I},
  journal={IEEE transactions on neural networks},
  volume={9},
  number={5},
  pages={987--1000},
  year={1998},
  publisher={IEEE}
}

@inproceedings{
hsieh2018learning,
title={Learning Neural {PDE} Solvers with Convergence Guarantees},
author={Jun-Ting Hsieh and Shengjia Zhao and Stephan Eismann and Lucia Mirabella and Stefano Ermon},
booktitle={International Conference on Learning Representations},
year={2019},
url={https://openreview.net/forum?id=rklaWn0qK7},
}

@article{parish2016paradigm,
  title={A paradigm for data-driven predictive modeling using field inversion and machine learning},
  author={Parish, Eric J and Duraisamy, Karthik},
  journal={Journal of Computational Physics},
  volume={305},
  pages={758--774},
  year={2016},
  publisher={Elsevier}
}


@article{lu2019deeponet,
  title={DeepONet: Learning nonlinear operators for identifying differential equations based on the universal approximation theorem of operators},
  author={Lu, Lu and Jin, Pengzhan and Karniadakis, George Em},
  journal={arXiv preprint arXiv:1910.03193},
  year={2019}
}

@article{chen1995universal,
  title={Universal approximation to nonlinear operators by neural networks with arbitrary activation functions and its application to dynamical systems},
  author={Chen, Tianping and Chen, Hong},
  journal={IEEE Transactions on Neural Networks},
  volume={6},
  number={4},
  pages={911--917},
  year={1995},
  publisher={IEEE}
}

@article{Alfke2019,
  author    = {Dominik Alfke and
               Martin Stoll},
  title     = {Semi-Supervised Classification on Non-Sparse Graphs Using Low-Rank
               Graph Convolutional Networks},
  journal   = {CoRR},
  volume    = {abs/1905.10224},
  year      = {2019},
  url       = {http://arxiv.org/abs/1905.10224},
  archivePrefix = {arXiv},
  eprint    = {1905.10224},
  timestamp = {Wed, 29 May 2019 11:27:50 +0200},
  biburl    = {https://dblp.org/rec/journals/corr/abs-1905-10224.bib},
  bibsource = {dblp computer science bibliography, https://dblp.org}
}

@book{Sauter2010,
  author = {Sauter, Stefan A. and Schwab, Christoph},
  publisher = {Springer Series in Computational Mathematics},
  title = {Boundary Element Methods},
  year = {2010}
}

@inproceedings{ronneberger2015u,
  title={U-net: Convolutional networks for biomedical image segmentation},
  author={Ronneberger, Olaf and Fischer, Philipp and Brox, Thomas},
  booktitle={International Conference on Medical image computing and computer-assisted intervention},
  pages={234--241},
  year={2015},
  organization={Springer}
}

@article{abu2018n,
  title={N-gcn: Multi-scale graph convolution for semi-supervised node classification},
  author={Abu-El-Haija, Sami and Kapoor, Amol and Perozzi, Bryan and Lee, Joonseok},
  journal={arXiv preprint arXiv:1802.08888},
  year={2018}
}

@article{abu2019mixhop,
  title={Mixhop: Higher-order graph convolutional architectures via sparsified neighborhood mixing},
  author={Abu-El-Haija, Sami and Perozzi, Bryan and Kapoor, Amol and Alipourfard, Nazanin and Lerman, Kristina and Harutyunyan, Hrayr and Steeg, Greg Ver and Galstyan, Aram},
  journal={arXiv preprint arXiv:1905.00067},
  year={2019}
}

@article{li2020dynamic,
  title={Dynamic Multiscale Graph Neural Networks for 3D Skeleton-Based Human Motion Prediction},
  author={Li, Maosen and Chen, Siheng and Zhao, Yangheng and Zhang, Ya and Wang, Yanfeng and Tian, Qi},
  journal={arXiv preprint arXiv:2003.08802},
  year={2020}
}

@inproceedings{kondor2014multiresolution,
  title={Multiresolution matrix factorization},
  author={Kondor, Risi and Teneva, Nedelina and Garg, Vikas},
  booktitle={International Conference on Machine Learning},
  pages={1620--1628},
  year={2014}
}

@inproceedings{ithapu2017incremental,
  title={The incremental multiresolution matrix factorization algorithm},
  author={Ithapu, Vamsi K and Kondor, Risi and Johnson, Sterling C and Singh, Vikas},
  booktitle={Proceedings of the IEEE Conference on Computer Vision and Pattern Recognition},
  pages={2951--2960},
  year={2017}
}

@article{wu2020comprehensive,
  title={A comprehensive survey on graph neural networks},
  author={Wu, Zonghan and Pan, Shirui and Chen, Fengwen and Long, Guodong and Zhang, Chengqi and Philip, S Yu},
  journal={IEEE Transactions on Neural Networks and Learning Systems},
  year={2020},
  publisher={IEEE}
}

@article{sanchez2018graph,
  title={Graph networks as learnable physics engines for inference and control},
  author={Sanchez-Gonzalez, Alvaro and Heess, Nicolas and Springenberg, Jost Tobias and Merel, Josh and Riedmiller, Martin and Hadsell, Raia and Battaglia, Peter},
  journal={arXiv preprint arXiv:1806.01242},
  year={2018}
}

@article{coley2019graph,
  title={A graph-convolutional neural network model for the prediction of chemical reactivity},
  author={Coley, Connor W and Jin, Wengong and Rogers, Luke and Jamison, Timothy F and Jaakkola, Tommi S and Green, William H and Barzilay, Regina and Jensen, Klavs F},
  journal={Chemical science},
  volume={10},
  number={2},
  pages={370--377},
  year={2019},
  publisher={Royal Society of Chemistry}
}

@article{sanchez2020learning,
  title={Learning to simulate complex physics with graph networks},
  author={Sanchez-Gonzalez, Alvaro and Godwin, Jonathan and Pfaff, Tobias and Ying, Rex and Leskovec, Jure and Battaglia, Peter W},
  journal={arXiv preprint arXiv:2002.09405},
  year={2020}
}

@article{li2020neural,
  title={Neural operator: Graph kernel network for partial differential equations},
  author={Li, Zongyi and Kovachki, Nikola and Azizzadenesheli, Kamyar and Liu, Burigede and Bhattacharya, Kaushik and Stuart, Andrew and Anandkumar, Anima},
  journal={arXiv preprint arXiv:2003.03485},
  year={2020}
}

@article{greengard1997new,
  title={A new version of the fast multipole method for the Laplace equation in three dimensions},
  author={Greengard, Leslie and Rokhlin, Vladimir},
  journal={Acta numerica},
  volume={6},
  pages={229--269},
  year={1997},
  publisher={Cambridge University Press}
}

@article{tek1957development,
  title={Development of a generalized Darcy equation},
  author={Tek, MR and others},
  journal={Journal of Petroleum Technology},
  volume={9},
  number={06},
  pages={45--47},
  year={1957},
  publisher={Society of Petroleum Engineers}
}

@article{su1969korteweg,
  title={Korteweg-de Vries equation and generalizations. III. Derivation of the Korteweg-de Vries equation and Burgers equation},
  author={Su, Chau Hsing and Gardner, Clifford S},
  journal={Journal of Mathematical Physics},
  volume={10},
  number={3},
  pages={536--539},
  year={1969},
  publisher={American Institute of Physics}
}

@article{dongarra2000guest,
  title={Guest editors’ introduction: The top 10 algorithms},
  author={Dongarra, Jack and Sullivan, Francis},
  journal={Computing in Science \& Engineering},
  volume={2},
  number={1},
  pages={22--23},
  year={2000},
  publisher={IEEE Computer Society}
}
@article{ying2004kernelindp,
title = "A kernel-independent adaptive fast multipole algorithm in two and three dimensions",
author = "Lexing Ying and George Biros and Denis Zorin",
year = "2004",
volume = "196",
pages = "591--626",
journal = "Journal of Computational Physics",
publisher = "Academic Press Inc.",
number = "2",
}

@article{smith2020eikonet,
  title={Eikonet: Solving the eikonal equation with deep neural networks},
  author={Smith, Jonathan D and Azizzadenesheli, Kamyar and Ross, Zachary E},
  journal={arXiv preprint arXiv:2004.00361},
  year={2020}
}

@article{jiang2020meshfreeflownet,
  title={MeshfreeFlowNet: A Physics-Constrained Deep Continuous Space-Time Super-Resolution Framework},
  author={Jiang, Chiyu Max and Esmaeilzadeh, Soheil and Azizzadenesheli, Kamyar and Kashinath, Karthik and Mustafa, Mustafa and Tchelepi, Hamdi A and Marcus, Philip and Anandkumar, Anima and others},
  journal={arXiv preprint arXiv:2005.01463},
  year={2020}
}

@book{quarteroni2015reduced,
  title={Reduced basis methods for partial differential equations: an introduction},
  author={Quarteroni, Alfio and Manzoni, Andrea and Negri, Federico},
  year={2015},
  publisher={Springer},
  doi={10.1007/978-3-319-15431-2}
}

@article{borm2003hierarchical,
  title={Hierarchical matrices},
  author={B{\"o}rm, Steffen and Grasedyck, Lars and Hackbusch, Wolfgang},
  journal={Lecture notes},
  volume={21},
  pages={2003},
  year={2003},
  publisher={Citeseer}
}

@article{fan2019multiscale2,
  title={A multiscale neural network based on hierarchical nested bases},
  author={Fan, Yuwei and Feliu-Faba, Jordi and Lin, Lin and Ying, Lexing and Zepeda-N{\'u}nez, Leonardo},
  journal={Research in the Mathematical Sciences},
  volume={6},
  number={2},
  pages={21},
  year={2019},
  publisher={Springer}
}

@book{zienkiewicz1977finite,
  title={The finite element method},
  author={Zienkiewicz, Olgierd Cecil and Taylor, Robert Leroy and Nithiarasu, Perumal and Zhu, JZ},
  volume={3},
  year={1977},
  publisher={McGraw-hill London}
}

@article{rozza2007reduced,
  title={Reduced basis approximation and a posteriori error estimation for affinely parametrized elliptic coercive partial differential equations},
  author={Rozza, Gianluigi and Huynh, Dinh Bao Phuong and Patera, Anthony T},
  journal={Archives of Computational Methods in Engineering},
  volume={15},
  number={3},
  pages={1},
  year={2007},
  publisher={Springer}
}

@inproceedings{wang2020towards,
  title={Towards physics-informed deep learning for turbulent flow prediction},
  author={Wang, Rui and Kashinath, Karthik and Mustafa, Mustafa and Albert, Adrian and Yu, Rose},
  booktitle={Proceedings of the 26th ACM SIGKDD International Conference on Knowledge Discovery \& Data Mining},
  pages={1457--1466},
  year={2020}
}

@misc{li2020multipole,
    title={Multipole Graph Neural Operator for Parametric Partial Differential Equations},
    author={Zongyi Li and Nikola Kovachki and Kamyar Azizzadenesheli and Burigede Liu and Kaushik Bhattacharya and Andrew Stuart and Anima Anandkumar},
    year={2020},
    eprint={2006.09535},
    archivePrefix={arXiv},
    primaryClass={cs.LG}
}

@article{li2021physics,
  title={Physics-informed neural operator for learning partial differential equations},
  author={Li, Zongyi and Zheng, Hongkai and Kovachki, Nikola and Jin, David and Chen, Haoxuan and Liu, Burigede and Azizzadenesheli, Kamyar and Anandkumar, Anima},
  journal={arXiv preprint arXiv:2111.03794},
  year={2021}
}

@article{hornik1989multilayer,
  title={Multilayer feedforward networks are universal approximators.},
  author={Hornik, Kurt and Stinchcombe, Maxwell and White, Halbert and others},
  journal={Neural networks},
  volume={2},
  number={5},
  pages={359--366},
  year={1989}
}

@misc{mathieu2013fast,
    title={Fast Training of Convolutional Networks through FFTs},
    author={Michael Mathieu and Mikael Henaff and Yann LeCun},
    year={2013},
    eprint={1312.5851},
    archivePrefix={arXiv},
    primaryClass={cs.CV}
}

@article{bengio2007scaling,
  title={Scaling learning algorithms towards AI},
  author={Bengio, Yoshua and LeCun, Yann and others},
  journal={Large-scale kernel machines},
  volume={34},
  number={5},
  pages={1--41},
  year={2007}
}

@article{sitzmann2020implicit,
  title={Implicit neural representations with periodic activation functions},
  author={Sitzmann, Vincent and Martel, Julien NP and Bergman, Alexander W and Lindell, David B and Wetzstein, Gordon},
  journal={arXiv preprint arXiv:2006.09661},
  year={2020}
}

@inproceedings{mildenhall2020nerf,
  title={Nerf: Representing scenes as neural radiance fields for view synthesis},
  author={Mildenhall, Ben and Srinivasan, Pratul P and Tancik, Matthew and Barron, Jonathan T and Ramamoorthi, Ravi and Ng, Ren},
  booktitle={European conference on computer vision},
  pages={405--421},
  year={2020},
  organization={Springer}
}

@article{mingo2004fourier,
  title={Fourier neural networks: An approach with sinusoidal activation functions},
  author={Mingo, Luis and Aslanyan, Levon and Castellanos, Juan and Diaz, Miguel and Riazanov, Vladimir},
  year={2004},
  publisher={Institute of Information Theories and Applications FOI ITHEA}
}

@article{fan2019bcr,
  title={BCR-Net: A neural network based on the nonstandard wavelet form},
  author={Fan, Yuwei and Bohorquez, Cindy Orozco and Ying, Lexing},
  journal={Journal of Computational Physics},
  volume={384},
  pages={1--15},
  year={2019},
  publisher={Elsevier}
}

@article{kumar2017weight,
  title={On weight initialization in deep neural networks},
  author={Kumar, Siddharth Krishna},
  journal={arXiv preprint arXiv:1704.08863},
  year={2017}
}

@inproceedings{he2016deep,
  title={Deep residual learning for image recognition},
  author={He, Kaiming and Zhang, Xiangyu and Ren, Shaoqing and Sun, Jian},
  booktitle={Proceedings of the IEEE conference on computer vision and pattern recognition},
  pages={770--778},
  year={2016}
}

@article{Cotter_2013,
   title={MCMC Methods for Functions: Modifying Old Algorithms to Make Them Faster},
   volume={28},
   ISSN={0883-4237},
   url={http://dx.doi.org/10.1214/13-STS421},
   DOI={10.1214/13-sts421},
   number={3},
   journal={Statistical Science},
   publisher={Institute of Mathematical Statistics},
   author={Cotter, S. L. and Roberts, G. O. and Stuart, A. M. and White, D.},
   year={2013},
   month={Aug},
   pages={424–446}
}

@inproceedings{kashinath2020enforcing,
  title={Enforcing Physical Constraints in CNNs through Differentiable PDE Layer},
  author={Kashinath, Karthik and Marcus, Philip and others},
  booktitle={ICLR 2020 Workshop on Integration of Deep Neural Models and Differential Equations},
  year={2020}
}

@inproceedings{greenfeld2019learning,
  title={Learning to optimize multigrid PDE solvers},
  author={Greenfeld, Daniel and Galun, Meirav and Basri, Ronen and Yavneh, Irad and Kimmel, Ron},
  booktitle={International Conference on Machine Learning},
  pages={2415--2423},
  year={2019},
  organization={PMLR}
}

@misc{pfaff2020learning,
      title={Learning Mesh-Based Simulation with Graph Networks}, 
      author={Tobias Pfaff and Meire Fortunato and Alvaro Sanchez-Gonzalez and Peter W. Battaglia},
      year={2020},
      eprint={2010.03409},
      archivePrefix={arXiv},
      primaryClass={cs.LG}
}

@misc{pathak2020using,
      title={Using Machine Learning to Augment Coarse-Grid Computational Fluid Dynamics Simulations}, 
      author={Jaideep Pathak and Mustafa Mustafa and Karthik Kashinath and Emmanuel Motheau and Thorsten Kurth and Marcus Day},
      year={2020},
      eprint={2010.00072},
      archivePrefix={arXiv},
      primaryClass={physics.comp-ph}
}

@misc{um2020solverintheloop,
      title={Solver-in-the-Loop: Learning from Differentiable Physics to Interact with Iterative PDE-Solvers}, 
      author={Kiwon Um and Raymond and Fei and Philipp Holl and Robert Brand and Nils Thuerey},
      year={2020},
      eprint={2007.00016},
      archivePrefix={arXiv},
      primaryClass={physics.comp-ph}
}

@misc{li2020fourier,
      title={Fourier Neural Operator for Parametric Partial Differential Equations}, 
      author={Zongyi Li and Nikola Kovachki and Kamyar Azizzadenesheli and Burigede Liu and Kaushik Bhattacharya and Andrew Stuart and Anima Anandkumar},
      year={2020},
      eprint={2010.08895},
      archivePrefix={arXiv},
      primaryClass={cs.LG}
}

@article{he2019mgnet,
  title={MgNet: A unified framework of multigrid and convolutional neural network},
  author={He, Juncai and Xu, Jinchao},
  journal={Science china mathematics},
  volume={62},
  number={7},
  pages={1331--1354},
  year={2019},
  publisher={Springer}
}

@book{lemarie2018navier,
  title={The Navier-Stokes problem in the 21st century},
  author={Lemari{\'e}-Rieusset, Pierre Gilles},
  year={2018},
  publisher={CRC Press}
}

@inproceedings{kulis2006learning,
  title={Learning low-rank kernel matrices},
  author={Kulis, Brian and Sustik, M{\'a}ty{\'a}s and Dhillon, Inderjit},
  booktitle={Proceedings of the 23rd international conference on Machine learning},
  pages={505--512},
  year={2006}
}

@inproceedings{bach2013sharp,
  title={Sharp analysis of low-rank kernel matrix approximations},
  author={Bach, Francis},
  booktitle={Conference on Learning Theory},
  pages={185--209},
  year={2013}
}

@article{gardner2018product,
  title={Product kernel interpolation for scalable Gaussian processes},
  author={Gardner, Jacob R and Pleiss, Geoff and Wu, Ruihan and Weinberger, Kilian Q and Wilson, Andrew Gordon},
  journal={arXiv preprint arXiv:1802.08903},
  year={2018}
}

@article{lan2017low,
  title={Low-rank decomposition meets kernel learning: A generalized Nystr{\"o}m method},
  author={Lan, Liang and Zhang, Kai and Ge, Hancheng and Cheng, Wei and Liu, Jun and Rauber, Andreas and Li, Xiao-Li and Wang, Jun and Zha, Hongyuan},
  journal={Artificial Intelligence},
  volume={250},
  pages={1--15},
  year={2017},
  publisher={Elsevier}
}

@article{um2020solver,
  title={Solver-in-the-Loop: Learning from Differentiable Physics to Interact with Iterative PDE-Solvers},
  author={Um, Kiwon and Holl, Philipp and Brand, Robert and Thuerey, Nils and others},
  journal={arXiv preprint arXiv:2007.00016},
  year={2020}
}


@article{strogatz2009loves,
  title={Loves Me, Loves Me Not (Do the Math)},
  author={Strogatz, Steven},
  year={2009}
}

@article{khoo2019switchnet,
  title={SwitchNet: a neural network model for forward and inverse scattering problems},
  author={Khoo, Yuehaw and Ying, Lexing},
  journal={SIAM Journal on Scientific Computing},
  volume={41},
  number={5},
  pages={A3182--A3201},
  year={2019},
  publisher={SIAM}
}

@article{fan2020solving,
  title={Solving electrical impedance tomography with deep learning},
  author={Fan, Yuwei and Ying, Lexing},
  journal={Journal of Computational Physics},
  volume={404},
  pages={109119},
  year={2020},
  publisher={Elsevier}
}

@article{fan2019solving2,
  title={Solving inverse wave scattering with deep learning},
  author={Fan, Yuwei and Ying, Lexing},
  journal={arXiv preprint arXiv:1911.13202},
  year={2019}
}

@article{dashti2013map,
  title={MAP estimators and their consistency in Bayesian nonparametric inverse problems},
  author={Dashti, Masoumeh and Law, Kody JH and Stuart, Andrew M and Voss, Jochen},
  journal={Inverse Problems},
  volume={29},
  number={9},
  pages={095017},
  year={2013},
  publisher={IOP Publishing}
}

@article{stuart2010inverse,
  title={Inverse problems: a Bayesian perspective},
  author={Stuart, Andrew M},
  journal={Acta numerica},
  volume={19},
  pages={451--559},
  year={2010},
  publisher={Cambridge University Press}
}

@article{adler2017solving,
  title={Solving ill-posed inverse problems using iterative deep neural networks},
  author={Adler, Jonas and {\"O}ktem, Ozan},
  journal={Inverse Problems},
  volume={33},
  number={12},
  pages={124007},
  year={2017},
  publisher={IOP Publishing}
}

@article{lanthaler2021error,
  title={Error estimates for DeepOnets: A deep learning framework in infinite dimensions},
  author={Lanthaler, Samuel and Mishra, Siddhartha and Karniadakis, George Em},
  journal={arXiv preprint arXiv:2102.09618},
  year={2021}
}


@article{kochkov2021machine,
  title={Machine learning accelerated computational fluid dynamics},
  author={Kochkov, Dmitrii and Smith, Jamie A and Alieva, Ayya and Wang, Qing and Brenner, Michael P and Hoyer, Stephan},
  journal={arXiv preprint arXiv:2102.01010},
  year={2021}
}

@article{patel2021physics,
  title={A physics-informed operator regression framework for extracting data-driven continuum models},
  author={Patel, Ravi G and Trask, Nathaniel A and Wood, Mitchell A and Cyr, Eric C},
  journal={Computer Methods in Applied Mechanics and Engineering},
  volume={373},
  pages={113500},
  year={2021},
  publisher={Elsevier}
}

@article{chi2020fast,
  title={Fast Fourier Convolution},
  author={Chi, Lu and Jiang, Borui and Mu, Yadong},
  journal={Advances in Neural Information Processing Systems},
  volume={33},
  year={2020}
}

@article{pan2020physics,
  title={Physics-informed probabilistic learning of linear embeddings of nonlinear dynamics with guaranteed stability},
  author={Pan, Shaowu and Duraisamy, Karthik},
  journal={SIAM Journal on Applied Dynamical Systems},
  volume={19},
  number={1},
  pages={480--509},
  year={2020},
  publisher={SIAM}
}

@book{aaronson1997introduction,
  title={An Introduction to Infinite Ergodic Theory},
  author={Aaronson, J.},
  isbn={9780821804940},
  lccn={96054848},
  series={Mathematical surveys and monographs},
  year={1997},
  publisher={American Mathematical Society}
}

@book{devore1993constructive,
  title={Constructive Approximation},
  author={DeVore, R.A. and Lorentz, G.G.},
  isbn={9783540506270},
  lccn={lc93018420},
  series={Grundlehren der mathematischen Wissenschaften},
  year={1993},
  publisher={Springer Berlin Heidelberg}
}

@article{ward1974chebyshev,
author = {Joseph D. Ward},
title = {Chebyshev centers in spaces of continuous functions},
volume = {52},
journal = {Pacific Journal of Mathematics},
number = {1},
publisher = {Pacific Journal of Mathematics, A Non-profit Corporation},
pages = {283 -- 287},
year = {1974}
}

@book{dudley2011concrete,
author = {Dudley, R. and Norvaisa, Rimas},
year = {2011},
month = {01},
pages = {},
title = {Concrete Functional Calculus},
volume = {149},
isbn = {978-1-4419-6949-1},
journal = {Springer Monographs in Mathematics}
}

@article{didipour2012haracterization,
title = {Characterization of a generalized triangle inequality in normed spaces},
journal = {Nonlinear Analysis: Theory, Methods \& Applications},
volume = {75},
number = {2},
pages = {735-741},
year = {2012},
author = {Dadipour, F. and Moslehian, M.S. and Rassias, J.M. and Takahasi, S.}
}

@article{opschoor2020deep,
	year = {2020},
	volume = {2020-47},
	author = {Opschoor, Joost A.A. and Schwab, Christoph and Zech, Jakob},
	journal = {SAM Research Report},
	publisher = {Seminar for Applied Mathematics, ETH Zurich},
	title = {Deep learning in high dimension: ReLU network Expression Rates for Bayesian PDE inversion}
}

@article{schwab2019deep,
author = {Schwab, Christoph and Zech, Jakob},
title = {Deep learning in high dimension: Neural network expression rates for generalized polynomial chaos expansions in UQ},
journal = {Analysis and Applications},
volume = {17},
number = {01},
pages = {19-55},
year = {2019}
}

@article{o2020derivative,
  title={Derivative-Informed Projected Neural Networks for High-Dimensional Parametric Maps Governed by PDEs},
  author={O'Leary-Roseberry, Thomas and Villa, Umberto and Chen, Peng and Ghattas, Omar},
  journal={arXiv preprint arXiv:2011.15110},
  year={2020}
}

@article{chandler2013invariant, 
title={Invariant recurrent solutions embedded in a turbulent two-dimensional Kolmogorov flow}, 
volume={722},
journal={Journal of Fluid Mechanics}, 
publisher={Cambridge University Press}, 
author={Chandler, Gary J. and Kerswell, Rich R.}, 
year={2013}, 
pages={554–595}
}

@inproceedings{vaswani2017attention,
 author = {Vaswani, Ashish and Shazeer, Noam and Parmar, Niki and Uszkoreit, Jakob and Jones, Llion and Gomez, Aidan N and Kaiser, \L ukasz and Polosukhin, Illia},
 booktitle = {Advances in Neural Information Processing Systems},
 editor = {I. Guyon and U. V. Luxburg and S. Bengio and H. Wallach and R. Fergus and S. Vishwanathan and R. Garnett},
 publisher = {Curran Associates, Inc.},
 title = {Attention is All you Need},
 volume = {30},
 year = {2017}
}

@article{devore1998nonlinear, 
title={Nonlinear approximation}, 
volume={7}, 
journal={Acta Numerica}, 
publisher={Cambridge University Press}, 
author={DeVore, Ronald A.}, 
year={1998}, 
pages={51–150}
}

@book{pinkus1985nwidths,
author = {Pinkus, A.},
year = {1985},
publisher={Springer-Verlag Berlin Heidelberg},
title = {N-Widths in Approximation Theory}
}

@article{cohen2020optimal,
  title={Optimal Stable Nonlinear Approximation},
  author={Cohen, Albert and Devore, Ronald and Petrova, Guergana and Wojtaszczyk, Przemyslaw},
  journal={arXiv preprint arXiv:2009.09907},
  year={2020}
}

@article{bonito2020nonlinear,
  title={Nonlinear methods for model reduction},
  author={Bonito, Andrea and Cohen, Albert and DeVore, Ronald and Guignard, Diane and Jantsch, Peter and Petrova, Guergana},
  journal={arXiv preprint arXiv:2005.02565},
  year={2020}
}


@article{brown2020language,
  title={Language models are few-shot learners},
  author={Brown, Tom B and Mann, Benjamin and Ryder, Nick and Subbiah, Melanie and Kaplan, Jared and Dhariwal, Prafulla and Neelakantan, Arvind and Shyam, Pranav and Sastry, Girish and Askell, Amanda and others},
  journal={arXiv preprint arXiv:2005.14165},
  year={2020}
}

@article{devlin2018bert,
  title={Bert: Pre-training of deep bidirectional transformers for language understanding},
  author={Devlin, Jacob and Chang, Ming-Wei and Lee, Kenton and Toutanova, Kristina},
  journal={arXiv preprint arXiv:1810.04805},
  year={2018}
}

@article{dosovitskiy2020image,
  title={An image is worth 16x16 words: Transformers for image recognition at scale},
  author={Dosovitskiy, Alexey and Beyer, Lucas and Kolesnikov, Alexander and Weissenborn, Dirk and Zhai, Xiaohua and Unterthiner, Thomas and Dehghani, Mostafa and Minderer, Matthias and Heigold, Georg and Gelly, Sylvain and others},
  journal={arXiv preprint arXiv:2010.11929},
  year={2020}
}

@article{ba2016layer,
  title={Layer normalization},
  author={Ba, Jimmy Lei and Kiros, Jamie Ryan and Hinton, Geoffrey E},
  journal={arXiv preprint arXiv:1607.06450},
  year={2016}
}

@article{choromanski2020rethinking,
  title={Rethinking attention with performers},
  author={Choromanski, Krzysztof and Likhosherstov, Valerii and Dohan, David and Song, Xingyou and Gane, Andreea and Sarlos, Tamas and Hawkins, Peter and Davis, Jared and Mohiuddin, Afroz and Kaiser, Lukasz and others},
  journal={arXiv preprint arXiv:2009.14794},
  year={2020}
}

@Article{blanchard2007statistical,
author="Blanchard, Gilles
and Bousquet, Olivier
and Zwald, Laurent",
title="Statistical properties of kernel principal component analysis",
journal="Machine Learning",
year="2007",
month="Mar",
day="01",
volume="66",
number="2",
pages="259--294"
}

@book{e2011principles,
  address = {Cambridge},
  author = {E, Weinan},
  publisher = {Cambridge University Press},
  title = {Principles of Multiscale Modeling},
  year = {2011}
}

@book{conway85acourse,
  author = {Conway, John B.},
  publisher = {Springer-Verlag New York},
  title = {A Course in Functional Analysis},
  year = {1985}
}

@article{stuart_2010, 
title={Inverse problems: A Bayesian perspective}, 
volume={19}, 
journal={Acta Numerica}, 
publisher={Cambridge University Press}, 
author={Stuart, A. M.}, 
year={2010}, 
pages={451–559}
}

@article{kraichnan67inertial,
author = {Kraichnan, Robert H.},
title = {Inertial Ranges in Two‐Dimensional Turbulence},
journal = {The Physics of Fluids},
volume = {10},
number = {7},
pages = {1417-1423},
year = {1967}
}

@article{sirignano2018dgm,
  title={DGM: A deep learning algorithm for solving partial differential equations},
  author={Sirignano, Justin and Spiliopoulos, Konstantinos},
  journal={Journal of computational physics},
  volume={375},
  pages={1339--1364},
  year={2018},
  publisher={Elsevier}
}

@article{weinan2018deep,
  title={The deep Ritz method: a deep learning-based numerical algorithm for solving variational problems},
  author={Weinan, E and Yu, Bing},
  journal={Communications in Mathematics and Statistics},
  volume={6},
  number={1},
  pages={1--12},
  year={2018},
  publisher={Springer}
}

@article{raissi2020hidden,
  title={Hidden fluid mechanics: Learning velocity and pressure fields from flow visualizations},
  author={Raissi, Maziar and Yazdani, Alireza and Karniadakis, George Em},
  journal={Science},
  volume={367},
  number={6481},
  pages={1026--1030},
  year={2020},
  publisher={American Association for the Advancement of Science}
}

@article{jin2021nsfnets,
  title={NSFnets (Navier-Stokes flow nets): Physics-informed neural networks for the incompressible Navier-Stokes equations},
  author={Jin, Xiaowei and Cai, Shengze and Li, Hui and Karniadakis, George Em},
  journal={Journal of Computational Physics},
  volume={426},
  pages={109951},
  year={2021},
  publisher={Elsevier}
}

@article{wang2021learning,
  title={Learning the solution operator of parametric partial differential equations with physics-informed DeepOnets},
  author={Wang, Sifan and Wang, Hanwen and Perdikaris, Paris},
  journal={arXiv preprint arXiv:2103.10974},
  year={2021}
}

@article{strubell2019energy,
  title={Energy and policy considerations for deep learning in NLP},
  author={Strubell, Emma and Ganesh, Ananya and McCallum, Andrew},
  journal={arXiv preprint arXiv:1906.02243},
  year={2019}
}

@article{lannelongue2020green,
  title={Green Algorithms: Quantifying the carbon emissions of computation},
  author={Lannelongue, Lo{\"\i}c and Grealey, Jason and Inouye, Michael},
  journal={arXiv preprint arXiv:2007.07610},
  year={2020}
}

@article{lu202186,
  title={86 PFLOPS Deep Potential Molecular Dynamics simulation of 100 million atoms with ab initio accuracy},
  author={Lu, Denghui and Wang, Han and Chen, Mohan and Lin, Lin and Car, Roberto and Weinan, E and Jia, Weile and Zhang, Linfeng},
  journal={Computer Physics Communications},
  volume={259},
  pages={107624},
  year={2021},
  publisher={Elsevier}
}

@article{zhu2019physics,
  title={Physics-constrained deep learning for high-dimensional surrogate modeling and uncertainty quantification without labeled data},
  author={Zhu, Yinhao and Zabaras, Nicholas and Koutsourelakis, Phaedon-Stelios and Perdikaris, Paris},
  journal={Journal of Computational Physics},
  volume={394},
  pages={56--81},
  year={2019},
  publisher={Elsevier}
}


@book{devroye2013probabilistic,
  title={A probabilistic theory of pattern recognition},
  author={Devroye, Luc and Gy{\"o}rfi, L{\'a}szl{\'o} and Lugosi, G{\'a}bor},
  volume={31},
  year={2013},
  publisher={Springer Science \& Business Media}
}
@article{bartlett2002rademacher,
  title={Rademacher and Gaussian complexities: Risk bounds and structural results},
  author={Bartlett, Peter L and Mendelson, Shahar},
  journal={Journal of Machine Learning Research},
  volume={3},
  number={Nov},
  pages={463--482},
  year={2002}
}

@book{wainwright2019high,
  title={High-dimensional statistics: A non-asymptotic viewpoint},
  author={Wainwright, Martin J},
  volume={48},
  year={2019},
  publisher={Cambridge University Press}
}

@article{cai2021physics,
  title={Physics-informed neural networks (PINNs) for fluid mechanics: A review},
  author={Cai, Shengze and Mao, Zhiping and Wang, Zhicheng and Yin, Minglang and Karniadakis, George Em},
  journal={arXiv preprint arXiv:2105.09506},
  year={2021}
}

@article{wang2021understanding,
  title={Understanding and Mitigating Gradient Flow Pathologies in Physics-Informed Neural Networks},
  author={Wang, Sifan and Teng, Yujun and Perdikaris, Paris},
  journal={SIAM Journal on Scientific Computing},
  volume={43},
  number={5},
  pages={A3055--A3081},
  year={2021},
  publisher={SIAM}
}

@article{wang2020and,
  title={When and why pinns fail to train: A neural tangent kernel perspective},
  author={Wang, Sifan and Yu, Xinling and Perdikaris, Paris},
  journal={arXiv preprint arXiv:2007.14527},
  year={2020}
}


@article{fuks2020limitations,
  title={Limitations of physics informed machine learning for nonlinear two-phase transport in porous media},
  author={Fuks, Olga and Tchelepi, Hamdi A},
  journal={Journal of Machine Learning for Modeling and Computing},
  volume={1},
  number={1},
  year={2020},
  publisher={Begel House Inc.}
}

@misc{duvall2021nonlinear,
      title={Non-linear Independent Dual System (NIDS) for Discretization-independent Surrogate Modeling over Complex Geometries}, 
      author={James Duvall and Karthik Duraisamy and Shaowu Pan},
      year={2021},
      eprint={2109.07018},
      archivePrefix={arXiv},
      primaryClass={physics.comp-ph}
}

@article{brunton2020machine,
  title={Machine learning for fluid mechanics},
  author={Brunton, Steven L and Noack, Bernd R and Koumoutsakos, Petros},
  journal={Annual Review of Fluid Mechanics},
  volume={52},
  pages={477--508},
  year={2020},
  publisher={Annual Reviews}
}


@inproceedings{long2018pde,
  title={Pde-net: Learning pdes from data},
  author={Long, Zichao and Lu, Yiping and Ma, Xianzhong and Dong, Bin},
  booktitle={International Conference on Machine Learning},
  pages={3208--3216},
  year={2018},
  organization={PMLR}
}

@article{zhang2021data,
  title={Data-informed Deep Optimization},
  author={Zhang, Lulu and Xu, Zhi-Qin John and Zhang, Yaoyu},
  journal={arXiv preprint arXiv:2107.08166},
  year={2021}
}

@article{han2018solving,
  title={Solving high-dimensional partial differential equations using deep learning},
  author={Han, Jiequn and Jentzen, Arnulf and Weinan, E},
  journal={Proceedings of the National Academy of Sciences},
  volume={115},
  number={34},
  pages={8505--8510},
  year={2018},
  publisher={National Acad Sciences}
}

@article{pathak2021ml,
  title={ML-PDE: A Framework for a Machine Learning Enhanced PDE Solver},
  author={Pathak, Jaideep and Mustafa, Mustafa and Kashinath, Karthik and Motheau, Emmanuel and Kurth, Thorsten and Day, Marcus},
  journal={Bulletin of the American Physical Society},
  year={2021},
  publisher={APS}
}


@article{kovachki2021neural,
  title={Neural operator: Learning maps between function spaces},
  author={Kovachki, Nikola and Li, Zongyi and Liu, Burigede and Azizzadenesheli, Kamyar and Bhattacharya, Kaushik and Stuart, Andrew and Anandkumar, Anima},
  journal={arXiv preprint arXiv:2108.08481},
  year={2021}
}


@article{sun2020surrogate,
  title={Surrogate modeling for fluid flows based on physics-constrained deep learning without simulation data},
  author={Sun, Luning and Gao, Han and Pan, Shaowu and Wang, Jian-Xun},
  journal={Computer Methods in Applied Mechanics and Engineering},
  volume={361},
  pages={112732},
  year={2020},
  publisher={Elsevier}
}

@article{gao2021phygeonet,
  title={PhyGeoNet: physics-informed geometry-adaptive convolutional neural networks for solving parameterized steady-state PDEs on irregular domain},
  author={Gao, Han and Sun, Luning and Wang, Jian-Xun},
  journal={Journal of Computational Physics},
  volume={428},
  pages={110079},
  year={2021},
  publisher={Elsevier}
}

@article{dwivedi2020physics,
  title={Physics Informed Extreme Learning Machine (PIELM)--A rapid method for the numerical solution of partial differential equations},
  author={Dwivedi, Vikas and Srinivasan, Balaji},
  journal={Neurocomputing},
  volume={391},
  pages={96--118},
  year={2020},
  publisher={Elsevier}
}
@article{smith2021hyposvi,
  title={HypoSVI: Hypocenter inversion with Stein variational inference and Physics Informed Neural Networks},
  author={Smith, Jonathan D and Ross, Zachary E and Azizzadenesheli, Kamyar and Muir, Jack B},
  journal={arXiv},
  year={2021}
}

@article{li2021markov,
  title={Markov Neural Operators for Learning Chaotic Systems},
  author={Li, Zongyi and Kovachki, Nikola and Azizzadenesheli, Kamyar and Liu, Burigede and Bhattacharya, Kaushik and Stuart, Andrew and Anandkumar, Anima},
  journal={arXiv preprint arXiv:2106.06898},
  year={2021}
}

@article{he2007stability,
  title={Stability and convergence of the Crank--Nicolson/Adams--Bashforth scheme for the time-dependent Navier--Stokes equations},
  author={He, Yinnian and Sun, Weiwei},
  journal={SIAM Journal on Numerical Analysis},
  volume={45},
  number={2},
  pages={837--869},
  year={2007},
  publisher={SIAM}
}

@article{cotter2013mcmc,
  title={MCMC methods for functions: modifying old algorithms to make them faster},
  author={Cotter, Simon L and Roberts, Gareth O and Stuart, Andrew M and White, David},
  journal={Statistical Science},
  volume={28},
  number={3},
  pages={424--446},
  year={2013},
  publisher={Institute of Mathematical Statistics}
}

@article{bruno2021fcbased,
  title={FC-based shock-dynamics solver with neural-network localized artificial-viscosity assignment},
  author={Bruno, Oscar P and Hesthaven, Jan S and Leibovici, Daniel V},
  journal={arXiv preprint arXiv:2111.01315},
  year={2021}
}

@article{bruneau20062d,
  title={The 2D lid-driven cavity problem revisited},
  author={Bruneau, Charles-Henri and Saad, Mazen},
  journal={Computers \& fluids},
  volume={35},
  number={3},
  pages={326--348},
  year={2006},
  publisher={Elsevier}
}

@article{mcclenny2020self,
  title={Self-adaptive physics-informed neural networks using a soft attention mechanism},
  author={McClenny, Levi and Braga-Neto, Ulisses},
  journal={arXiv preprint arXiv:2009.04544},
  year={2020}
}

@article{jagtap2020locally,
  title={Locally adaptive activation functions with slope recovery for deep and physics-informed neural networks},
  author={Jagtap, Ameya D and Kawaguchi, Kenji and Em Karniadakis, George},
  journal={Proceedings of the Royal Society A},
  volume={476},
  number={2239},
  pages={20200334},
  year={2020},
  publisher={The Royal Society}
}

@article{lu2021comprehensive,
  title={A comprehensive and fair comparison of two neural operators (with practical extensions) based on FAIR data},
  author={Lu, Lu and Meng, Xuhui and Cai, Shengze and Mao, Zhiping and Goswami, Somdatta and Zhang, Zhongqiang and Karniadakis, George Em},
  journal={arXiv preprint arXiv:2111.05512},
  year={2021}
}

@article{bruno2007accurate,
  title={Accurate, high-order representation of complex three-dimensional surfaces via Fourier continuation analysis},
  author={Bruno, Oscar P and Han, Youngae and Pohlman, Matthew M},
  journal={Journal of computational Physics},
  volume={227},
  number={2},
  pages={1094--1125},
  year={2007},
  publisher={Elsevier}
}

@article{zhang2021mod,
  title={MOD-Net: A Machine Learning Approach via Model-Operator-Data Network for Solving PDEs},
  author={Zhang, Lulu and Luo, Tao and Zhang, Yaoyu and Xu, Zhi-Qin John and Ma, Zheng},
  journal={arXiv preprint arXiv:2107.03673},
  year={2021}
}

@article{huang2021meta,
  title={Meta-Auto-Decoder for Solving Parametric Partial Differential Equations},
  author={Huang, Xiang and Ye, Zhanhong and Liu, Hongsheng and Shi, Beiji and Wang, Zidong and Yang, Kang and Li, Yang and Weng, Bingya and Wang, Min and Chu, Haotian and others},
  journal={arXiv preprint arXiv:2111.08823},
  year={2021}
}

@article{babuvska1990p,
  title={The p-and hp versions of the finite element method, an overview},
  author={Babu{\v{s}}ka, Ivo and Suri, Manil},
  journal={Computer methods in applied mechanics and engineering},
  volume={80},
  number={1-3},
  pages={5--26},
  year={1990},
  publisher={Elsevier}
}

@article{cao1999anr,
  title={Anr-adaptive finite element method based upon moving mesh PDEs},
  author={Cao, Weiming and Huang, Weizhang and Russell, Robert D},
  journal={Journal of Computational physics},
  volume={149},
  number={2},
  pages={221--244},
  year={1999},
  publisher={Elsevier}
}

@book{huang2010adaptive,
  title={Adaptive moving mesh methods},
  author={Huang, Weizhang and Russell, Robert D},
  volume={174},
  year={2010},
  publisher={Springer Science \& Business Media}
}

@article{pathak2022fourcastnet,
  title={FourCastNet: A Global Data-driven High-resolution Weather Model using Adaptive Fourier Neural Operators},
  author={Pathak, Jaideep and Subramanian, Shashank and Harrington, Peter and Raja, Sanjeev and Chattopadhyay, Ashesh and Mardani, Morteza and Kurth, Thorsten and Hall, David and Li, Zongyi and Azizzadenesheli, Kamyar and others},
  journal={arXiv preprint arXiv:2202.11214},
  year={2022}
}

@article{wen2022u,
  title={U-FNO--An enhanced Fourier neural operator-based deep-learning model for multiphase flow},
  author={Wen, Gege and Li, Zongyi and Azizzadenesheli, Kamyar and Anandkumar, Anima and Benson, Sally M},
  journal={Advances in Water Resources},
  pages={104180},
  year={2022},
  publisher={Elsevier}
}

@article{lu2022comprehensive,
  title={A comprehensive and fair comparison of two neural operators (with practical extensions) based on fair data},
  author={Lu, Lu and Meng, Xuhui and Cai, Shengze and Mao, Zhiping and Goswami, Somdatta and Zhang, Zhongqiang and Karniadakis, George Em},
  journal={Computer Methods in Applied Mechanics and Engineering},
  volume={393},
  pages={114778},
  year={2022},
  publisher={Elsevier}
}

@article{de2022cost,
  title={The Cost-Accuracy Trade-Off In Operator Learning With Neural Networks},
  author={De Hoop, Maarten and Huang, Daniel Zhengyu and Qian, Elizabeth and Stuart, Andrew M},
  journal={arXiv preprint arXiv:2203.13181},
  year={2022}
}


@book{gottlieb1977numerical,
  title={Numerical analysis of spectral methods: theory and applications},
  author={Gottlieb, David and Orszag, Steven A},
  year={1977},
  publisher={SIAM}
}

@article{yang2021seismic,
  title={Seismic wave propagation and inversion with Neural Operators},
  author={Yang, Yan and Gao, Angela F and Castellanos, Jorge C and Ross, Zachary E and Azizzadenesheli, Kamyar and Clayton, Robert W},
  journal={The Seismic Record},
  volume={1},
  number={3},
  pages={126--134},
  year={2021},
  publisher={Seismological Society of America}
}

@article{huang2020learning, 
    title={Learning constitutive relations from indirect observations using deep neural networks}, 
    author={Huang, Daniel Z and Xu, Kailai and Farhat, Charbel and Darve, Eric}, 
    journal={Journal of Computational Physics}, 
    volume={416}, 
    pages={109491}, 
    year={2020}, 
    publisher={Elsevier} 
}

@article{pascon2019large,
  title={Large deformation analysis of plane-stress hyperelastic problems via triangular membrane finite elements},
  author={Pascon, Jo{\~a}o Paulo},
  journal={International Journal of Advanced Structural Engineering},
  volume={11},
  number={3},
  pages={331--350},
  year={2019},
  publisher={Springer}
}

@book{farin2014curves,
  title={Curves and surfaces for computer-aided geometric design: a practical guide},
  author={Farin, Gerald},
  year={2014},
  publisher={Elsevier}
}


@article{huang2020high,
  title={High-order partitioned spectral deferred correction solvers for multiphysics problems},
  author={Huang, Daniel Z and Pazner, Will and Persson, Per-Olof and Zahr, Matthew J},
  journal={Journal of Computational Physics},
  volume={412},
  pages={109441},
  year={2020},
  publisher={Elsevier}
}


@article{allen2022physical,
  title={Physical Design using Differentiable Learned Simulators},
  author={Allen, Kelsey R and Lopez-Guevara, Tatiana and Stachenfeld, Kimberly and Sanchez-Gonzalez, Alvaro and Battaglia, Peter and Hamrick, Jessica and Pfaff, Tobias},
  journal={arXiv preprint arXiv:2202.00728},
  year={2022}
}